3175 4934
807 281 965 344 „20-

303 418 422 512 patrias
452 419 525 508 Pers
543 437 700 511 regnomm
726 415 839 488 reddita
856 417 920 511 (oo)
944 424 1036 488 morte
1053 417 1236 511 Neoptolemi
1247 421 1337 490 cessit
1353 420 1475 492 Heleno

305 517 357 610 qui
369 514 441 586 dixit
460 536 584 609 campos
602 517 775 608 cognomine
789 513 938 586 Chaonios
950 522 980 584 et
996 511 1113 585 omnem
1127 513 1289 588 Chaoniam
1307 517 1474 612 a'lrojarno

306 610 427 684 Chaone
446 611 519 706 (rm)
537 621 566 684 et
584 611 695 684 addidit
711 611 858 706 Pergama
882 610 944 709 (qq)
961 619 991 682 et
1007 611 1083 683 banc
1112 634 1209 684 arcem
1235 612 1364 706 Iliacam
1372 616 1471 708 jugis.
1580 692 1582 699 ,

306 709 366 781 Sed
385 711 447 792 tibi,
460 713 512 806 qui
523 712 613 796 uenti,
633 733 699 804 que
711 707 769 780 lata
788 709 896 780 dedere
907 711 1046 781 cursum?
1071 717 1121 780 aut
1133 713 1268 804 33133333
1285 710 1360 783 deus
1372 735 1471 806 appu-

304 809 375 878 litte
388 809 523 900 ignarum
540 810 648 878 nostris
660 807 743 896 erist
767 806 837 900 quid
854 827 928 899 puer
939 807 1102 878 Ascanius?
1124 828 1162 878 ne
1181 814 1301 902 superat
1316 816 1347 880 ct
1370 812 1472 880 vesei-
1580 866 1582 869 .

304 911 351 976 tur
363 905 455 976 aurat
479 925 566 999 quem
581 903 644 998 jann
656 905 747 998 Troia
763 903 827 974 tibi.
853 904 966 976 Tamen
978 925 1071 998 ecqua
1088 925 1158 975 cura
1171 913 1217 976 est
1228 927 1319 999 puero
1350 908 1475 978 33313333

300 1003 449 1096 parentis?
471 1001 584 1096 Ecquid
602 1007 632 1073 et
648 1009 729 1096 pater
759 997 874 1072 AEneas
891 1008 921 1073 et
938 1000 1099 1073 auunculus
1129 1001 1238 1074 Hector
1262 1003 1368 1098 epeitat
1384 1004 1477 1076 illum
1580 1012 1582 1039 ³

301 1099 495 1193 inantiquam
508 1101 644 1170 virtudem
662 1105 692 1170 et
708 1100 823 1169 animos
838 1098 983 1170 urbest»

351 1196 434 1267 Talia
457 1195 598 1268 fundebat
613 1196 776 1288 lacrymans
795 1202 825 1266 et
839 1195 935 1267 ciebat
955 1197 1105 1268 incassum
1128 1196 1234 1288 longos
1258 1197 1356 1284 113133,
1373 1221 1472 1291 quum

301 1292 389 1364 heros
402 1293 532 1365 Helenus
549 1292 714 1364 Prianddes
729 1289 817 1364 allent
833 1314 901 1363 sese
917 1315 935 1363 a
957 1293 1104 1364 moenibus
1120 1293 1220 1365 multis
1248 1295 1471 1382 comitantibus,

302 1397 332 1460 et
349 1392 483 1484 agnoscit
494 1412 564 1462 suos
583 1397 613 1460 et
629 1389 713 1461 letus
726 1387 806 1460 ducit
822 1387 860 1459 ad
877 1389 988 1476 limina,
1008 1400 1038 1462 et
1061 1389 1184 1462 multdm
1202 1391 1296 1463 tundit
1320 1392 1471 1486 lacrymas

300 1490 376 1558 inter
394 1488 509 1582 singula
533 1485 634 1558 uerba.
660 1485 804 1572 Procedo,
822 1493 853 1557 et
869 1509 999 1580 agnosco
1016 1510 1137 1582 paruam
1154 1489 1276 1584 Trojam
1301 1487 1471 1583 etPerga-

295 1607 348 1655 ma
361 1583 495 1655 simulata
508 1587 623 1678 magnis
642 1593 671 1656 et
686 1586 784 1656 mrum
803 1593 933 1655 arentem
951 1587 1125 1678 cognomine
1148 1585 1269 1672 Xanthi,
1288 1593 1318 1658 et
1334 1587 1471 1680 amplec-

298 1689 346 1753 tor
371 1681 470 1752 limina
500 1688 591 1775 porta
609 1681 700 1753 Scae
716 1681 792 1775 (nn).
813 1672 938 1753 'Necnon
956 1691 986 1754 et
1007 1683 1115 1753 reuco
1132 1682 1267 1754 truentum
1285 1685 1371 1755 sirum
1389 1685 1470 1756 urbe
1580 1754 1582 1758 ,

300 1781 390 1864 souitu
409 1801 461 1850 reu
480 1778 639 1872 accipiebat
656 1778 721 1850 illos
740 1779 769 1848 iu
783 1779 887 1873 amplis
905 1779 1075 1873 porticibus,
1088 1787 1118 1850 et
1128 1778 1258 1851 libabant
1269 1782 1372 1875 poeula
1385 1781 1469 1854 Bae-

301 1875 347 1947 chi
371 1878 401 1948 in
419 1874 515 1947 medio
529 1877 615 1962 aulai,
629 1883 659 1946 et
672 1877 815 1970 impositis
832 1876 957 1969 dapibus
975 1899 1057 1964 auro,
1079 1877 1217 1949 tenebant
1245 1886 1363 1971 pateras
1393 1880 1466 1975 (ss).

348 1973 387 2044 Et
401 1975 463 2066 jam
482 1971 545 2045 dies
563 1979 593 2044 et
611 1973 683 2044 aller
700 1971 764 2043 dies
795 1975 948 2066 processit,
975 1981 1005 2045 et
1016 1997 1095 2045 aura
1106 1982 1213 2045 uocant
1232 1976 1308 2063 uela,
1322 1976 1469 2048 31333133-

296 2094 350 2142 sus
362 2071 479 2142 inllabrr
491 2069 602 2142 tumido
620 2071 739 2142 Austro.
764 2069 931 2164 Aggredior
943 2078 1040 2166 vatem
1053 2069 1105 2158 bis
1128 2071 1226 2157 dietis,
1246 2081 1466 2168 3333333313-

299 2169 624 2262 liezn-Trejugena,
649 2169 793 2262 mterpres
825 2167 931 2238 llivdm
950 2171 1001 2261 qui
1026 2171 1117 2240 sentis
1134 2171 1256 2241 numina
1273 2169 1387 2257 Pbmbi,
1411 2176 1466 2264 qui

296 2263 438 2360 tripodas,
451 2264 550 2338 lauros
563 2264 664 2352 Clarii,
683 2265 734 2358 qui
746 2264 854 2349 sidera,
868 2273 898 2335 et
915 2264 1030 2358 linguas
1046 2266 1210 2353 uolrrcmm,
1230 2275 1259 2338 et
1276 2271 1373 2339 omina
1388 2291 1465 2362 pen-

296 2363 500 2457 naeprepeda
514 2385 579 2456 age,
600 2362 661 2432 lare
685 2361 823 2456 (namque
848 2362 961 2454 relligio
987 2385 1129 2457 prospera
1159 2362 1231 2434 dixit
1250 2363 1322 2436 mibi
1339 2387 1461 2437 omnem

292 2466 467 2546 consumet
485 2461 580 2530 cuncti
598 2457 658 2530 diui
670 2466 828 2530 suasemnt
844 2459 964 2530 numine
980 2465 1083 2553 petere
1097 2461 1210 2532 ltaliam
1228 2469 1258 2532 et
1274 2469 1387 2534 tentare
1404 2471 1465 2534 ter-

293 2575 343 2630 ma
356 2564 504 2650 repostam
530 2555 593 2628 sola
612 2557 742 2650 Harpyia
759 2555 877 2628 Heleno
901 2558 980 2627 canit
1008 2557 1175 2652 prodigium
1205 2582 1314 2630 nouum
1330 2569 1361 2631 et
1377 2562 1464 2633 nelas

293 2655 382 2740 dictu,
402 2661 431 2726 et
443 2653 594 2726 denuntiat
609 2655 708 2724 tristes
725 2654 785 2725 iras
803 2660 833 2724 et
849 2654 957 2726 lamem
973 2653 1221 2750 obscenamque
1237 2659 1332 2751 prinm
1344 2660 1463 2752 perion-

292 2751 321 2826 la
332 2753 414 2823 vito?
437 2750 484 2821 vel
502 2750 572 2845 quid
585 2772 712 2844 sequens
730 2753 842 2844 possim
860 2773 999 2846 superare
1015 2760 1113 2824 tantos
1125 2753 1283 2825 labores‘?»

342 2849 398 2920 Hic
415 2849 557 2934 Helenus,
576 2845 659 2918 cesis
672 2849 798 2940 primdm
812 2849 947 2941 juvencis
964 2849 1002 2920 de
1019 2872 1112 2936 more,
1126 2858 1228 2922 exorat
1239 2873 1341 2945 pacem
1359 2852 1460 2925 diutim

293 2953 324 3018 et
341 2946 559 3018 resoluiluittas
573 2947 679 3016 sacrati
697 2947 811 3038 capitis,
830 2947 947 3040 etipse,
961 2947 1083 3033 Pbmbe,
1098 2947 1279 3020 ducitmanu
1298 2950 1335 3021 ad
1354 2958 1404 3022 tua
1423 2952 1461 3022 li-

292 3045 372 3116 mina
389 3065 437 3116 me
450 3063 626 3136 suspensum
644 3041 735 3113 multo
753 3045 884 3129 numine,
903 3051 990 3137 atque
1014 3043 1121 3115 deinde
1144 3045 1284 3118 sacerdos
1301 3050 1379 3119 canit
1393 3047 1460 3120 me

293 3165 330 3214 ex
342 3163 393 3212 ore
412 3141 582 3214 divium-
606 3139 703 3210 «Nate
721 3140 796 3226 11331,
821 3139 899 3234 (nam
918 3141 1071 3213 manifesta
1088 3148 1135 3213 est
1155 3143 1230 3214 tides
1246 3151 1276 3215 te
1293 3147 1337 3216 ire
1349 3165 1403 3239 per
1414 3147 1459 3217 al·

292 3248 355 3310 tum
368 3239 505 3332 auspiciis
518 3237 695 3330 majoribus3
725 3239 767 3309 sic
780 3259 834 3308 rex
852 3238 947 3309 Hedm
959 3239 1080 3310 sortitor
1091 3239 1150 3312 lata
1164 3247 1198 3311 et
1213 3240 1305 3313 uoluit
1322 3245 1457 3329 rices;is

291 3337 363 3410 ordo
377 3335 517 3431 uertitur).
544 3333 707 3428 Enpediam
725 3335 777 3406 tibi
796 3334 880 3406 dictis
893 3339 1015 3430 paucae
1034 3336 1144 3427 multis,
1164 3339 1223 3432 qud
1242 3341 1331 3410 tutior
1348 3341 1457 3412 lustres

297 3491 506 3510 m

320 3533 369 3598 (oo)
400 3531 446 3582 333
467 3531 569 3584 Reddite
590 3531 990 3599 morte:-theralmente,laparte
1007 3534 1099 3586 (133333
1112 3535 1360 3587 reinosderueltatla
1371 3535 1457 3587 133333-

291 3595 326 3646 cia
338 3595 365 3646 de
377 3609 404 3645 su
414 3593 460 3662 bijo
470 3593 559 3646 Holoso
571 3593 593 3644 13
605 3593 657 3644 tect
669 3594 788 3646 tHelene.

318 3677 365 3742 (nr)
396 3678 442 3728 335
463 3677 560 3730 Cimone
569 3676 672 3728 3-3333
691 3691 731 3728 ora
742 3677 851 3730 lnennmo
863 3679 892 3730 de
907 3680 1003 3731 Heleno.
1029 3680 1083 3732 3313
1092 3685 1145 3732 tneo
1157 3681 1179 3732 13
1194 3682 1314 3746 desgnoic
1324 3682 1354 3732 de
1366 3685 1456 3732 natur-

288 3740 354 3792 tcsln
365 3753 454 3805 queem,
472 3753 552 3791 emuna
563 3737 651 3804 partita
660 3739 688 3790 de
699 3753 762 3802 cart,
775 3755 841 3806 yper
850 3755 892 3792 eso
904 3742 963 3792 trote
973 3743 1002 3793 de
1013 3743 1097 3794 bonnac
1106 3758 1133 3793 su
1142 3744 1253 3794 memoria
1261 3745 1337 3795 dando
1348 3758 1376 3794 su
1387 3758 1457 3795 nom-

289 3803 329 3854 bre
341 3801 355 3852 3
366 3807 415 3852 este
427 3802 476 3867 pain
488 3803 662 3853 nectentemente
674 3802 820 3853 colonizado.

319 3886 368 3950 (oo)
403 3885 449 3936 336
469 3885 570 3938 Addidit
583 3885 874 3950 Pergamos-eorunm
889 3889 954 3940 riae
963 3889 992 3940 de
1007 3889 1141 4002 9ffi⁹⁰⁸³²
1161 3896 1231 3950 torre,
1244 3907 1259 3956 y
1270 3905 1297 3941 es
1307 3889 1404 3940 nombre
1414 3904 1455 3941 eo·

287 3947 559 4012 lectiroparanignisscar
574 3947 594 3999 el
605 3949 714 4013 contante
736 3948 764 3999 de
778 3948 1008 4006 bstortdeaciones.
1079 3954 1106 4004 P.
1130 3953 1255 4005 1133331133
1273 3954 1455 4017 que'Perpeme

285 4011 412 4075 ’1113333333
443 4009 492 4072 [trit
512 4023 560 4060 era
579 4011 663 4062 lttoeu.
692 4009 789 4062 Estodo
803 4011 933 4064 3133333-
952 4015 1078 4066 sontosP'
1107 4028 1249 4066 ememums
1267 4014 1397 4075 eaten'orcs,
1413 4015 1457 4066 ba-

288 4075 374 4124 luartes
385 4087 399 4137 y
411 4071 498 4134 demas,
510 4073 587 4136 ydra
598 4085 623 4122 es
634 4072 657 4123 la
675 4071 792 4123 cludadela
810 4087 839 4124 en
848 4074 869 4125 31
889 4075 1041 4128 centrodeta
1066 4092 1081 4127 o
1104 4079 1178 4128 aelon
1197 4077 1298 4140 llespues
1308 4075 1368 4128 bubo
1378 4077 1456 4127 duda-

288 4133 330 4188 des
338 4149 382 4199 que
402 4147 427 4184 se
437 4133 548 4185 llamaron
556 4134 599 4184 sim
615 4134 711 4185 lemente
732 4135 863 4198 pepone,
877 4143 928 4188 esto
939 4153 974 4200 es,
986 4137 1022 4190 133
1059 4140 1176 4200 olomeo,
1189 4138 1211 4189 lo
1224 4138 1274 4188 cual
1285 4152 1315 4189 no
1327 4153 1353 4189 es
1364 4141 1416 4190 3133
1433 4139 1455 4189 13

283 4197 421 4248 tradueclon
431 4197 460 4247 de
469 4196 490 4248 13
500 4210 542 4246 roz
556 4195 591 4261 pel
634 4197 670 4246 ira
685 4197 791 4258 3331333,
806 4211 849 4262 que
866 4199 968 4263 signitlca
979 4201 1003 4250 13
1014 4202 1104 4252 m‘nme.
1129 4201 1160 4250 ta
1177 4200 1336 4265 Pmayriscula
1346 4216 1390 4267 que
1400 4215 1455 4266 apa·

291 4273 342 4308 rece
354 4260 452 4323 siempre
465 4272 493 4308 en
503 4262 551 4310 esta
561 4258 650 4322 palabra
660 4257 750 4310 deberia
760 4257 917 4324 desaparecer.
