3175 4934
773 290 943 360 -8—

277 465 368 540 qaece
384 440 545 536 nuntium
569 440 712 534 polutum
730 448 761 514 et
784 440 856 516 dare
872 441 1004 514 tusum-
1031 441 1185 513 mosibus.
1223 441 1305 536 ugo
1322 444 1440 515 mnan·

275 563 378 614 ramus
408 541 495 612 sunus
531 537 676 634 Polydoro
713 539 877 632 elingens
905 538 991 610 tellus
1020 539 1170 632 aggeritur
1199 537 1328 627 tumulo;
1348 540 1442 614 Stant

277 637 416 716 Manibus
435 661 493 710 arae
521 643 633 708 maestae
668 637 747 712 vittis
780 636 916 708 wmleis
957 642 988 707 et
1016 643 1080 707 atra
1103 658 1253 730 cupresso,
1273 644 1302 708 et
1326 639 1440 710 circium

287 735 395 812 lliades
414 735 515 818 solutae
534 736 644 815 crinem
663 733 700 806 de
718 755 809 811 more.
846 733 1001 807 luterimus
1019 733 1133 828 cymbia
1150 737 1314 827 spumantia
1338 735 1440 829 tepido

278 831 353 909 laete
378 840 408 904 et
424 839 541 928 pateras
569 833 722 925 sanguinis
753 833 840 916 sacri,
868 839 900 907 et
916 830 1068 908 condimus
1092 833 1220 908 amem
1243 832 1390 925 sepulcro,
1407 841 1443 904 et

279 953 391 1002 cremans
409 952 579 1024 suprerurm
595 951 797 1022 maguauoce.
1406 985 1410 993 .

326 1028 408 1115 lude,
426 1027 476 1100 ubi
496 1035 541 1098 est
557 1027 652 1124 prlrua
676 1025 750 1098 lidus
775 1026 891 1120 pelago,
910 1031 940 1096 et
951 1026 1030 1098 uenti
1049 1025 1122 1096 dant
1150 1028 1244 1098 maria
1265 1026 1389 1126 placata,
1408 1035 1447 1098 et

278 1125 353 1198 lenis
372 1126 479 1196 Auster
495 1125 639 1220 crepitans
662 1130 748 1195 uocet
774 1119 925 1211 mmmm,
944 1124 1016 1194 socii
1033 1121 1180 1196 deducunt
1197 1147 1288 1195 naues
1309 1132 1338 1197 ct
1355 1148 1441 1197 com-

280 1223 363 1320 plent
380 1221 492 1314 litterum
512 1221 700 1318 provehimur
729 1229 826 1315 portu,
840 1229 869 1292 et
886 1229 971 1292 terre
990 1228 1020 1292 et
1035 1221 1125 1294 urbes
1142 1221 1292 1293 recedunt.

330 1319 442 1394 Colitur
459 1319 555 1392 medio
568 1319 645 1406 mari
660 1317 746 1392 tellus
759 1319 938 1411 gratissima,
954 1318 1000 1412 (o)
1015 1339 1100 1390 sacra
1123 1320 1210 1390 matri
1232 1318 1391 1390 Nereidum
1409 1327 1446 1395 et

280 1417 416 1511 Neptuno
428 1417 549 1510 AEgaeo,
559 1437 648 1510 quam
664 1423 811 1487 mantem
821 1417 932 1486 circdm
949 1437 1018 1487 oras
1030 1423 1060 1486 et
1070 1414 1177 1501 littora,
1189 1417 1256 1510 pius
1267 1417 1449 1488 manneus

285 1513 327 1608 tr)
346 1515 472 1590 revinxit
488 1514 566 1586 celsa
582 1515 680 1610 Gyaro
706 1521 737 1584 et
747 1514 877 1600 Micouo,
894 1511 1016 1589 etdedit
1032 1511 1089 1584 coli
1104 1514 1256 1584 immotam
1268 1520 1297 1585 et
1308 1521 1446 1586 contem-

280 1633 353 1684 nere
369 1618 486 1684 uentos.
510 1609 691 1697 Ferculum
710 1608 773 1683 hec
790 1609 987 1706 placidissima
1004 1610 1109 1704 accipit
1137 1609 1232 1682 sessos
1249 1618 1312 1682 tuto
1341 1618 1444 1706 portu.

282 1707 408 1801 Egressi
437 1731 612 1780 veneramur
641 1707 743 1780 urbem
761 1707 915 1801 Apollinis.
951 1708 1018 1780 Rex
1046 1707 1151 1794 Anius,
1176 1707 1255 1780 idem
1278 1731 1332 1780 rex
1348 1705 1445 1780 humi·

282 1827 354 1878 mum
379 1813 409 1878 et
425 1805 565 1878 sacerdos
581 1803 698 1892 Phoetr,
732 1804 886 1876 redimitus
914 1811 1046 1901 tempora
1069 1805 1149 1884 vittis
1174 1811 1203 1876 et
1232 1807 1315 1876 sacri
1345 1805 1447 1892 lauro,

284 1905 550 1996 ocmait,aguoscit
578 1900 725 1974 Anchisen
738 1909 868 1974 ueterem
876 1905 1011 1974 amicum.
1024 1901 1447 1996 tungiurusdertrashospitr'o

284 2006 315 2070 et
332 1999 465 2072 subimus
477 2007 561 2072 tecta.
574 1999 744 2072 venerabar
756 1998 924 2094 templadei
942 2006 1052 2072 structa
1075 2020 1147 2070 saxo
1159 2005 1289 2072 uetusto:
1315 1999 1445 2094 ‹Thyru-

282 2095 371 2186 lu'ree,
385 2095 582 2193 dapropriam
595 2096 726 2188 domum,
740 2096 778 2169 da
790 2099 899 2168 meum
911 2097 1009 2182 lesam,
1023 2102 1153 2190 etgeuus
1165 2103 1196 2167 et
1206 2096 1310 2168 urbem
1322 2119 1441 2170 mausu-

247 2205 252 2214 '
282 2211 358 2267 ram.
385 2193 478 2273 &rua
514 2194 604 2273 altera
616 2194 763 2288 Pergama
774 2195 883 2288 Trojae,
896 2190 1045 2288 relliquias
1070 2193 1205 2266 Dauatum
1217 2201 1304 2289 atque
1321 2197 1445 2267 immitis

283 2287 416 2366 Achillei.
442 2291 538 2378 Quem
563 2293 729 2387 sequimur?
752 2291 800 2363 vel
830 2293 889 2385 qod
914 2290 1003 2385 jubes
1032 2293 1076 2363 ire
1099 2289 1170 2363 ubi?
1200 2313 1310 2386 ponere
1339 2292 1447 2364 sedes?

284 2387 343 2476 Da,
361 2388 458 2476 Pater,
479 2391 645 2483 augurium,
665 2395 752 2484 atque
770 2387 890 2460 illabere
914 2388 1023 2460 nostr's
1041 2389 1176 2459 animis.»
1217 2389 1275 2460 Vix
1292 2411 1373 2462 eram
1398 2389 1446 2460 sa·

283 2491 332 2558 tus
345 2507 392 2574 ea,
411 2492 440 2558 et
469 2488 589 2582 repenti
607 2493 676 2560 suut
704 2489 769 2562 uisa
785 2492 911 2558 tremere
936 2487 1034 2556 omnia
1051 2484 1152 2560 limina
1170 2492 1199 2559 et
1210 2485 1311 2558 laums
1335 2486 1394 2574 dei,
1413 2494 1448 2558 et

286 2587 366 2658 tonus
379 2605 465 2656 mons
477 2585 586 2656 circum
598 2585 721 2671 moueri,
740 2591 770 2658 et
782 2585 893 2656 cortina
905 2583 1019 2675 mugire
1036 2581 1159 2655 reclusis
1171 2583 1277 2678 adytis.
1296 2583 1448 2656 Submissi

284 2683 412 2774 petimus
441 2687 550 2756 terram
574 2689 605 2754 et
628 2705 686 2753 vor
709 2681 802 2754 fertur
825 2680 863 2753 ad
894 2701 997 2752 aures:
1026 2680 1121 2752 «Duri
1148 2679 1335 2767 Dardanide,
1365 2687 1445 2753 terra

284 2779 458 2873 qnaepriuua
482 2779 547 2850 tulit
563 2801 617 2852 uos
646 2801 664 2851 a
694 2781 785 2874 stirpe
803 2785 968 2873 pareutum,
986 2776 1090 2850 eadem
1121 2779 1243 2872 accipiet
1253 2801 1308 2850 uos
1320 2777 1449 2851 reduces

281 2873 372 2948 ubere
385 2873 464 2951 leto,
480 2875 632 2971 Exquirite
643 2877 792 2972 antiquam
805 2884 938 2950 matrem.
963 2876 1019 2947 llic
1036 2875 1141 2946 domus
1152 2873 1266 2948 AEnaeae
1282 2873 1452 2948 dominabi-

283 2977 332 3045 tur
350 2975 462 3044 cunctis
486 2975 558 3059 oris,
572 2979 601 3045 et
613 2976 674 3044 uati
694 2981 829 3046 natorum
848 2980 878 3046 et
894 2975 945 3068 qui
956 2979 1113 3043 nascentur
1138 2971 1175 3042 ab
1192 2972 1280 3045 illis.»
1315 2973 1448 3046 Pholus
1511 3024 1517 3050 ι

286 3070 352 3140 caui
364 3068 453 3157 them
472 3077 502 3143 et
518 3077 565 3143 est
581 3078 681 3143 euorta
693 3072 799 3166 iugens
817 3071 916 3142 letitia
931 3077 1038 3141 mesto
1060 3071 1196 3158 tumultu,
1215 3079 1245 3143 et
1258 3074 1352 3144 cuncti
1369 3093 1447 3169 quae

285 3173 355 3240 runt
378 3191 444 3263 que
463 3170 522 3242 siut
539 3191 574 3242 ca
592 3169 710 3256 muenia,
729 3171 787 3264 qud
813 3167 942 3242 Phoebus
960 3176 1045 3240 uocet
1065 3175 1197 3241 emautes
1227 3175 1258 3240 et
1276 3169 1379 3263 jubeat
1402 3192 1448 3240 re

286 3266 371 3336 uerti.
407 3266 484 3338 Tmu
502 3267 619 3360 genitor
634 3265 756 3338 uoluens
780 3273 969 3338 monumenta
985 3271 1118 3336 aetenum
1133 3267 1278 3337 virorum:
1308 3266 1447 3338 Audited

287 3383 436 3458 proceres,
455 3365 506 3452 ait,
519 3370 549 3434 et
560 3362 790 3440 disciteuestras
807 3386 890 3460 spes:
909 3363 1008 3450 Creta,
1027 3362 1122 3434 irusula
1140 3366 1240 3456 maqrri
1251 3364 1346 3452 Jouis,
1367 3366 1447 3458 jaret

289 3459 387 3531 medin
400 3467 499 3555 poulo,
517 3460 568 3548 uhi
580 3468 648 3534 sunt
671 3483 757 3533 mous
782 3460 877 3534 idaeus
896 3467 926 3531 et
941 3459 1084 3534 cunabula
1102 3469 1209 3535 nostre
1221 3462 1329 3554 gentis.
1354 3462 1447 3533 Habi-

287 3562 351 3628 tant
367 3567 483 3630 ceutmu
512 3580 636 3654 unguas
659 3557 760 3652 urbes,
790 3581 883 3652 regua
904 3557 1062 3645 uberrima,
1080 3557 1159 3633 unde
1189 3561 1334 3630 maximus
1365 3565 1447 3652 pater

289 3653 434 3743 Teucrus,
453 3657 480 3732 si
490 3655 630 3728 recordor
645 3655 700 3730 ree
719 3655 827 3740 audita,
846 3662 892 3727 est
909 3656 1035 3750 primuim
1053 3655 1193 3729 aduectus
1210 3655 1248 3727 ad
1266 3679 1335 3728 oras
1351 3655 1445 3728 rme

290 3757 365 3839 teas,
390 3760 420 3824 et
443 3755 552 3848 optarit
571 3753 667 3826 lorum
691 3775 797 3848 reguo,
819 3753 957 3824 Nondum
986 3754 1071 3824 llium
1101 3761 1131 3825 et
1164 3776 1249 3826 arces
1278 3753 1449 3847 Pergameae

354 3917 387 3981 (o)
415 3917 448 3972 'ld
464 3919 691 3972 Grotiaatmetetlnn
703 3920 782 3970 medic
794 3919 964 3970 moris-llum
982 3919 1104 3986 interprete
1114 3920 1209 3980 ipsulm
1221 3933 1276 3986 pero
1286 3924 1338 3970 esto
1358 3933 1383 3968 us
1393 3917 1450 3969 des-

291 3979 391 4032 lracerle
406 3980 547 4094 pedlrasisp
567 3982 659 4034 adamas
669 3981 832 4055 introductum
843 3982 987 4046 pleonasnm3
1000 3996 1065 4048 pnes,
1079 3981 1152 4034 doctr:
1166 3984 1250 4048 repion
1261 3995 1292 4031 en
1309 3981 1388 4030 medio
1409 3982 1451 4032 utet

291 4057 345 4094 mar
356 4057 382 4094 es
393 4042 472 4094 detlnrr
481 4044 504 4094 la
515 4045 538 4094 ln
548 4059 572 4095 o.
596 4043 626 4096 Se
636 4049 693 4096 trata
702 4044 730 4096 de
740 4043 762 4094 lu
771 4043 813 4095 rsln
824 4044 852 4095 de
859 4041 939 4096 Delos.

352 4126 385 4192 (r)
413 4129 442 4178 75
455 4128 617 4183 Pisce—Come
627 4129 699 4201 ltpulo
711 4129 779 4200 rracr'rt¹
787 4144 815 4179 en
827 4129 894 4180 ltelos
904 4143 929 4180 se
940 4128 1041 4192 atribupo
1054 4127 1107 4200 ιίειιΙ
1115 4127 1194 4193 picdnd
1207 4126 1258 4199 saliat
1267 4125 1288 4180 cl
1297 4141 1340 4192 que
1350 4126 1449 4178 ostrida

289 4189 388 4255 rpredaso
400 4190 496 4250 ostalilm
515 4205 568 4262 perp
580 4191 615 4242 los
627 4191 747 4256 mrtdtogos
758 4192 825 4262 drqen
842 4205 885 4256 que
897 4191 933 4240 tue
951 4193 1054 4257 Neptuno
1072 4205 1139 4256 quen
1157 4191 1179 4242 ta
1199 4189 1271 4250 surrutd
1282 4203 1311 4240 eu
1322 4203 1353 4242 un
1372 4190 1448 4255 lupar,

291 4266 346 4323 pona
355 4267 398 4324 que
411 4253 497 4312 Latona
508 4253 600 4326 purlresa
613 4253 654 4312 dur:
665 4252 721 4304 ilua
738 4253 752 4305 at
772 4253 844 4308 Diona
861 4253 965 4325 utputo.
