3175 4934
782 318 976 392 ..12-

300 469 376 544 'Punr
407 481 564 568 ceperunt
583 471 666 542 affari
684 473 726 542 siu
744 480 773 543 ei
809 473 926 544 demere
944 493 1029 541 curas
1055 469 1100 540 iris
1120 467 1217 541 riiclis:
1249 470 1336 556 Quod
1354 468 1473 564 Apuiin

300 578 346 641 esi
363 569 492 640 dieums
504 569 554 640 libi
573 569 668 640 delate
681 569 834 666 Ortygiam
851 572 928 640 canit
944 567 1002 654 hic,
1021 575 1050 639 et
1068 591 1115 653 en,
1141 567 1215 639 uiirb
1239 570 1325 639 mittit
1347 591 1402 640 nus
1422 567 1470 638 ad

298 673 349 738 tua
383 667 491 738 limina.
523 665 596 753 Nos,
610 669 728 738 incensi
758 665 917 748 Dardanii,
939 686 1050 736 'surmus
1076 668 1168 738 secuti
1184 672 1213 736 ic
1231 673 1262 736 ct
1285 673 1335 736 tua
1353 688 1466 752 arura3

299 785 354 836 nus
372 786 474 838 sumus
487 765 634 859 permensi
641 764 696 836 sub
714 765 899 836 ieiumidum
911 786 1012 858 aquen
1034 762 1188 836 classibus.
1204 761 1285 834 Idem
1322 763 1469 834 iubemus

300 862 331 930 in
349 870 428 932 astra
448 869 569 955 nepotes
586 868 724 934 venimus
737 869 766 932 et
783 862 918 933 dabimus
934 863 1088 954 imperium
1100 860 1175 931 urbi.
1200 861 1248 930 Tu
1265 883 1337 954 para
1349 882 1468 952 magna

300 960 408 1029 moenia
437 960 563 1052 magnis,
583 965 622 1029 et‘
641 981 678 1029 ne
702 959 802 1053 linque
833 959 952 1052 lengum
987 957 1117 1028 laborem
1135 956 1372 1052 iugem-sedes
1390 966 1469 1028 suni

304 1053 465 1140 rnutande3
497 1056 599 1126 Delius
617 1055 718 1150 Apollo
737 1079 796 1127 nun
815 1059 907 1128 suasit
924 1055 977 1128 bibi
993 1053 1056 1126 hec
1068 1055 1175 1139 bruera,
1193 1062 1243 1126 aut
1257 1055 1348 1148 jussit
1358 1057 1466 1125 consi-

299 1151 369 1223 dere
400 1152 505 1226 Greia.
532 1151 586 1224 nst
605 1152 697 1238 lucau,
729 1151 812 1226 Graii
842 1152 941 1226 dicuni
968 1176 1041 1224 carn
1071 1153 1245 1244 Hesperiam
1270 1153 1464 1245 cognomine,

300 1257 377 1320 barra
394 1252 524 1343 antiqua,
542 1257 646 1343 ponens
670 1251 759 1320 armis
778 1258 865 1344 abque
881 1249 973 1321 ubere
995 1248 1103 1342 glebam
1123 1249 1177 1318 viri
1195 1247 1314 1320 AEuutri
1341 1248 1466 1319 coluere

300 1368 380 1432 eam;
412 1369 489 1418 nunc
520 1354 566 1418 est
594 1347 672 1417 sama
701 1348 829 1418 minores
848 1346 958 1417 dixisse
988 1355 1105 1438 ganum
1130 1345 1241 1418 iiaiiam
1272 1345 1310 1416 de
1340 1348 1465 1442 numine

300 1442 400 1530 ducis3
426 1442 471 1515 hae
490 1444 577 1515 sedes
596 1450 664 1514 sunt
687 1445 811 1538 propriae
841 1443 942 1529 nubis;
968 1442 1036 1513 hinc
1054 1449 1100 1513 est
1123 1449 1204 1513 urbis
1230 1441 1399 1527 Dardanus,
1430 1454 1465 1516 et

299 1547 383 1634 pater
399 1539 494 1612 Iasius
513 1564 530 1612 a
548 1564 606 1635 quo
619 1541 748 1634 principe
765 1551 897 1612 nosinrm
914 1563 1018 1634 genus.
1037 1541 1112 1634 Age,
1131 1562 1232 1632 surge,
1255 1547 1285 1610 et
1308 1541 1392 1612 iebus
1409 1563 1463 1611 re-

299 1637 343 1708 ier
356 1637 487 1731 iungere
504 1639 616 1731 parenti
633 1637 695 1710 hec
707 1637 783 1710 dicia
800 1637 881 1710 haud
898 1636 1065 1710 dubitanda.
1089 1637 1229 1730 'Require
1256 1635 1417 1731 Gorpdrnm
1430 1646 1465 1709 eu

300 1741 394 1805 terras
424 1736 587 1822 Ausonias3
605 1735 718 1828 Jirpiier
735 1743 823 1828 negat
848 1735 889 1806 iib
902 1757 972 1806 arua
991 1736 1123 1805 biciaea»
1152 1733 1395 1826 (xp-numius
1411 1743 1463 1806 ia-

253 1881 257 1890 ·
299 1830 374 1902 libus
391 1832 464 1902 visis
483 1853 516 1904 ac
533 1853 604 1903 voce
623 1832 742 1904 deumm
761 1831 826 1926 (nee
848 1831 921 1904 iilud
939 1838 1001 1904 crat
1018 1854 1119 1926 sepum
1139 1829 1192 1902 scd
1210 1829 1330 1902 videbar
1347 1853 1461 1925 agnus·

299 1949 366 2000 cere
383 1928 480 2000 unitus
499 1927 595 2000 cur'am
609 1937 637 2000 ei
654 1952 753 2002 cumas
771 1929 881 2002 velatas
895 1937 924 2000 et
940 1951 992 2000 ura
1009 1928 1178 2022 praesentim
1201 1935 1263 2000 ium
1282 1927 1397 2022 gelidus
1409 1951 1462 2000 su-

299 2023 358 2096 dor
375 2026 512 2098 manabat
528 2033 588 2098 tutu
602 2026 754 2120 corpure)
779 2027 904 2120 corripio
923 2049 1030 2119 corpus
1047 2026 1187 2110 estradis,
1206 2033 1236 2096 ci
1247 2025 1334 2096 iendu
1354 2048 1461 2098 manus

299 2122 594 2215 supinasadcalum
613 2145 779 2209 eumaem,
799 2131 828 2196 ei
853 2123 911 2195 iibu
928 2124 1001 2194 sucis
1022 2145 1143 2194 munera
1166 2123 1348 2194 intemerata.
1385 2123 1461 2194 Per·

301 2219 376 2290 scete
395 2218 615 2307 honorabamus
632 2221 706 2292 facio
724 2220 882 2292 Anchisem
900 2227 1010 2292 renuam
1029 2227 1058 2290 et
1076 2218 1172 2313 pande
1183 2241 1247 2290 rem
1264 2219 1376 2290 urdine.
1396 2222 1460 2314 bg-

303 2318 385 2388 novit
401 2317 512 2410 pruiem
543 2318 709 2411 ambiguam
735 2325 764 2389 ei
797 2319 930 2412 geminus
947 2323 1094 2412 parentes,
1114 2323 1194 2387 etse
1213 2339 1278 2388 esse
1302 2315 1460 2412 deceptum

300 2435 376 2488 nunu
402 2435 501 2486 errore
525 2421 655 2488 neicrum
674 2415 814 2488 iucumm.
833 2415 911 2488 Tum
932 2422 1113 2493 memoratu
1142 2413 1228 2500 Nate,
1251 2415 1376 2485 cncrciie
1394 2415 1461 2487 fatis

298 2509 408 2582 Iliacis:
436 2509 506 2583 Sola
525 2511 692 2584 Cassandra
704 2513 827 2584 canebat
842 2511 915 2584 mihi
931 2511 1005 2583 iales
1022 2535 1124 2595 casns;
1153 2534 1231 2582 nunc
1259 2519 1360 2604 repen
1389 2535 1462 2584 eum

298 2608 472 2700 porbcndcre
489 2607 551 2680 hec
563 2633 628 2680 essa
645 2609 745 2682 denica
762 2617 863 2681 nostro
880 2610 992 2703 generi,
1012 2616 1042 2678 ct
1059 2610 1137 2701 sape
1154 2631 1260 2679 vocare
1274 2610 1336 2679 Hes
1374 2611 1460 2696 riam,

298 2707 377 2798 saepi
401 2727 493 2799 regua
510 2705 591 2778 bala.
612 2705 672 2778 Sed
691 2707 1050 2802 quiscrederetTeucms
1068 2713 1289 2777 murnentanus
1308 2729 1324 2776 a
1364 2707 1461 2779 littora

300 2801 469 2896 Hesperia?
494 2811 544 2874 ant
555 2825 642 2897 quern
656 2811 718 2874 turn
735 2811 817 2876 nabes
836 2803 1003 2876 Cassandra
1021 2800 1170 2873 muneret?
1207 2801 1354 2874 Cedamus
1377 2803 1462 2874 Phe

299 2897 349 2986 bu,
369 2906 398 2969 et
416 2901 517 2970 muniti
534 2923 693 2995 sequamur
722 2902 880 2974 meliora.»
915 2900 970 2973 Sic
994 2903 1045 2986 ait,
1063 2909 1092 2970 et
1116 2901 1212 2970 cuncti
1235 2907 1357 2972 uranius
1375 2923 1462 2993 pare-

299 3017 366 3068 mus
385 2997 471 3070 dicio.
492 2998 662 3070 Deserirnus
679 3022 796 3092 qunque
814 2998 889 3070 hanc
907 2997 1019 3082 sedem,
1037 3004 1067 3068 ct
1091 2996 1198 3068 relictis
1216 2999 1329 3090 paucis,
1355 2997 1461 3070 damus

300 3093 375 3180 vela,
395 3104 424 3165 et
441 3097 586 3166 currimus
599 3103 714 3166 vastum
732 3119 833 3190 aequur
851 3118 922 3167 cava
940 3095 1032 3166 trabe.

347 3191 508 3286 Postquam
520 3199 598 3263 nabes
616 3197 737 3264 tenuere
755 3194 856 3281 alium,
876 3215 930 3264 nec
944 3193 1007 3285 jam
1025 3193 1149 3288 amplids
1167 3199 1310 3288 apparent
1321 3192 1387 3263 uile
1400 3199 1461 3262 ier-

298 3309 351 3374 rae,
369 3288 497 3384 undiquc
522 3289 626 3362 cuium
645 3297 674 3361 ei
691 3289 821 3384 undiquc
845 3298 962 3384 pontus,
988 3295 1049 3360 tum
1068 3290 1161 3361 imber
1188 3289 1329 3362 camlcus
1348 3289 1462 3362 adsunt

299 3383 371 3456 mihi
389 3409 478 3479 supra
490 3393 586 3480 caput,
606 3388 702 3459 serens
728 3394 844 3458 nuciam
861 3385 1053 3481 minumum,
1072 3395 1102 3458 et
1119 3387 1198 3459 unda
1219 3385 1363 3458 inhormit
1380 3394 1461 3457 [ene-

236 3538 239 3544 .
300 3482 371 3554 bris.
393 3483 536 3556 Condiani
555 3487 634 3556 venii
650 3483 772 3556 vuirunt
788 3507 870 3555 mare
888 3491 917 3555 et
933 3507 1040 3576 magna
1058 3509 1177 3579 aquosa
1195 3491 1335 3578 surguni;
1355 3483 1462 3577 disper-

296 3581 324 3650 si
339 3581 484 3672 jactamur
505 3588 587 3653 vasta
606 3583 736 3674 gurgite3
762 3581 855 3652 nimbi
871 3581 1019 3653 inrulndre
1037 3582 1116 3653 diem
1133 3589 1163 3654 et
1186 3605 1245 3653 nun
1262 3579 1382 3669 humida
1395 3581 1460 3652 abs-

300 3677 364 3760 iuiit
381 3678 496 3764 ciuium,
517 3681 615 3772 ignes
632 3681 813 3770 ingeminant
844 3680 974 3772 abmpbis
998 3679 1134 3750 nubibus.
1167 3680 1340 3750 Excutimur
1364 3701 1458 3764 cumn,

297 3783 326 3845 ui
344 3797 475 3846 erramus
488 3778 518 3846 in
531 3776 615 3846 crucis
633 3775 728 3846 randis.
749 3777 815 3869 ipse
838 3777 992 3847 Palinurus
1011 3786 1099 3868 negat
1111 3776 1277 3848 discemere
1289 3777 1360 3847 calu
1385 3775 1458 3846 diem

299 3880 329 3942 ci
346 3879 473 3960 nectem,
488 3897 541 3944 neu
554 3874 723 3944 meminisse
753 3875 809 3944 uiae
826 3876 857 3943 in
875 3873 971 3944 media
993 3875 1081 3960 unii,
1101 3874 1173 3946 adrd
1205 3895 1337 3945 crrmnus
1360 3873 1459 3965 pelage

298 3979 357 4042 tres
375 3969 452 4042 soles
471 3973 597 4041 incurius
616 3994 692 4042 caeca
712 3971 847 4066 caligine,
860 3971 980 4043 tetidem
999 3980 1099 4044 nucius
1117 3975 1181 4043 sine
1199 3971 1305 4042 sidere.
1332 3971 1459 4040 Primrim

306 4115 512 4128 a———u--uu-l

358 4157 390 4222 (u)
421 4158 464 4206 iii
499 4157 606 4208 Dieimn:
632 4157 694 4208 bicie
711 4173 736 4208 es
749 4159 834 4209 unade
857 4160 974 4210 iasrimas
988 4158 1195 4216 riuiidadeCrein‚
1215 4159 1242 4207 de
1256 4158 1459 4220 dundusedijurun

297 4221 332 4270 lus
344 4219 488 4270 samrdulcss
512 4221 610 4282 Direriipp
620 4221 688 4278 irini,
705 4235 749 4272 cun
761 4222 783 4270 la
792 4223 842 4273 suia
857 4224 968 4275 mudanza
977 4223 1005 4274 de
1016 4223 1038 4273 la
1050 4222 1121 4280 aurai,
1133 4237 1188 4286 puus
1199 4221 1221 4271 la
1230 4235 1271 4272 vua
1286 4221 1363 4286 grisea
1375 4223 1459 4283 Βασίμ-

298 4283 342 4342 ius,
355 4281 375 4333 el
387 4281 455 4343 dedu,
470 4283 531 4334 uada
547 4283 608 4334 dieue
620 4297 663 4345 qnia
676 4297 716 4334 rer·
735 4284 796 4348 aqui.
