3175 4934
752 317 948 388 hun..

264 478 369 566 quarm
389 470 523 540 die'tema
537 476 582 539 est
599 471 661 538 uisa
681 469 810 538 attollere
828 493 860 538 se
880 468 1005 549 tandem,
1032 475 1146 538 montes
1165 470 1278 560 aporire
1296 491 1328 538 ue
1353 489 1429 562 pro·

268 569 314 637 nul
334 574 362 638 et
374 568 490 639 uoluere
503 567 623 636 lnmum.
639 566 711 636 Vela
730 565 846 651 uadum,
866 568 1044 657 insurgimus
1062 567 1166 650 remis;
1197 565 1273 636 barud
1306 574 1349 636 est
1363 589 1432 636 mo-

268 687 312 750 m,
331 672 426 735 nautae
453 663 549 734 adnixi
568 669 703 758 torquent
720 685 840 756 spumas
853 671 883 733 et
900 668 1019 734 uerrunt
1035 662 1149 733 omrula.

317 761 446 832 Primum
459 761 553 831 littora
566 757 762 854 Strophadum
783 762 927 853 accipiunt
945 768 1151 832 mesematum
1176 782 1212 830 ex
1249 758 1345 830 undis,
1378 761 1432 830 ln-

266 858 337 928 sulm
363 859 445 929 dietae
462 856 645 951 Strophades
661 858 696 952 (z)
708 858 826 928 nomino
857 857 946 928 Graio
971 866 1048 928 stant
1067 858 1097 926 in
1112 879 1220 949 magno
1239 858 1330 943 lunio,
1355 881 1434 951 quas

268 955 366 1027 colunt
383 956 446 1028 dira
459 956 575 1027 Celaeno
594 962 623 1026 et
634 956 697 1026 aliae
715 955 862 1049 Harpyiae,
876 955 939 1049 (aaa)
957 962 1110 1048 postquam
1128 954 1233 1026 domus
1246 953 1368 1024 Phineia
1385 964 1436 1025 est

209 1125 211 1132 ,
265 1054 375 1139 clausa,
407 1063 436 1124 et
465 1052 575 1147 liquere
593 1059 670 1123 metu
693 1052 806 1146 priores
826 1075 953 1123 mensas.
979 1051 1065 1124 Haud
1083 1059 1302 1122 estmoustmm
1315 1053 1433 1122 tn'stius

266 1151 334 1234 ilis,
360 1173 414 1221 nee
431 1151 490 1220 nlla
524 1151 614 1243 pestis
639 1157 669 1220 et
685 1151 729 1220 ira
759 1148 847 1219 dedm
865 1150 970 1220 saevior
987 1149 1088 1220 extulit
1110 1172 1177 1220 sese
1199 1146 1287 1219 undis
1311 1149 1429 1243 stygiis3

252 1247 364 1318 ‚uultus
376 1247 526 1319 voluerum
551 1253 619 1317 sunt
636 1247 772 1338 virginei,
795 1245 945 1338 proluvies
957 1247 1067 1316 uentris
1083 1245 1252 1330 fedissimas,
1266 1251 1297 1316 et
1325 1266 1433 1317 manus

265 1366 348 1414 uncae
362 1353 395 1416 et
412 1363 598 1437 orasemper
610 1343 716 1436 pallida
734 1342 820 1415 sane.
847 1342 906 1414 Ubi
925 1342 1011 1413 delati
1029 1341 1096 1427 bue,
1123 1345 1295 1414 intravimus
1313 1349 1430 1435 portus,

265 1463 333 1512 eece
352 1441 485 1512 uidemus
497 1441 562 1512 laeta
576 1449 705 1512 armenta
718 1439 806 1511 boum
824 1441 935 1532 passim
947 1440 1058 1533 eampis
1083 1448 1112 1510 et
1130 1462 1220 1534 peeus
1238 1441 1430 1534 caprigenum

265 1561 318 1632 per
335 1536 456 1609 herbam
475 1537 553 1608 nullo
572 1536 701 1608 custode.
728 1538 869 1608 lrruimus
900 1538 977 1608 terro
1002 1538 1079 1632 (nm)
1096 1545 1126 1608 et
1143 1557 1282 1608 remmus
1301 1536 1385 1607 diros
1397 1545 1430 1607 et

264 1639 360 1730 ipsum
373 1635 476 1706 lovem
490 1637 519 1705 in
538 1642 649 1728 partem
662 1642 692 1706 et
709 1633 849 1726 praedam,
862 1641 964 1704 ettum
982 1637 1158 1706 enstmimus
1176 1641 1256 1705 toros
1275 1656 1365 1704 eume
1378 1633 1429 1704 lit-

267 1745 329 1804 tore
343 1740 372 1803 et
390 1733 543 1826 epulamur
555 1732 660 1825 opimis
674 1730 808 1824 dapibus.
835 1733 873 1802 nt
890 1731 993 1803 subitae
1010 1732 1146 1826 Harpyiae
1163 1730 1272 1802 adsum
1288 1730 1326 1801 de
1343 1751 1430 1801 mon-

266 1831 345 1900 tibus
359 1830 442 1921 lapsu
463 1828 608 1914 horrifico,
628 1839 657 1898 et
674 1829 808 1922 quatiunt
825 1829 886 1900 alas
904 1829 1019 1921 magnis
1031 1827 1228 1921 clangoribus,
1248 1837 1277 1898 et
1290 1827 1432 1921 diripiunt

264 1927 367 2020 dapes,
382 1933 411 1996 et
429 1926 534 2000 ludant
551 1927 648 1996 emnia
667 1932 800 1996 contactu
825 1924 989 2010 immundo;
1015 1932 1077 1996 tum
1103 1925 1166 1995 dira
1208 1947 1266 1995 rex
1289 1928 1429 2020 erumpit

266 2028 342 2096 inter
362 2031 468 2094 tetrum
486 2023 605 2094 odorem
619 2023 693 2116 (cc.)
712 2021 845 2094 Rursdm
863 2025 894 2092 in
908 2045 1027 2094 secessu
1040 2022 1139 2116 longo,
1158 2021 1213 2093 sub
1231 2030 1333 2093 cauata
1345 2044 1431 2115 mpe‚

263 2119 464 2192 eirmmelausi
488 2119 641 2191 arboribus
660 2127 747 2214 atque
766 2117 951 2191 humentibus
968 2119 1091 2206 umbris,
1109 2121 1280 2190 instruimus
1309 2141 1430 2190 mensas

263 2219 330 2312 (oo)
349 2225 378 2288 et
394 2218 563 2312 reponimus
580 2219 678 2310 ignem
691 2219 759 2288 aris.
788 2217 919 2288 Rursum
932 2238 968 2286 en
993 2215 1109 2287 diuerso
1128 2225 1234 2287 traete
1251 2216 1313 2290 ceti
1330 2224 1360 2288 et
1371 2239 1431 2288 cae·

264 2317 307 2386 eis
327 2315 455 2401 latebris,
468 2335 576 2386 sonans
589 2314 673 2386 turba
693 2314 881 2385 circumuolat
897 2311 1024 2408 predam
1055 2316 1138 2385 uncis
1181 2312 1351 2407 polibus,et
1375 2337 1430 2407 po

263 2413 327 2484 lluit
339 2413 429 2507 dapes
442 2435 503 2484 ore.
522 2411 606 2482 Tunc
618 2411 700 2482 edico
718 2413 806 2482 sociis
823 2418 856 2482 ut
867 2418 1022 2504 capessant
1033 2432 1125 2496 arma,
1143 2418 1173 2482 et
1187 2433 1252 2482 esse
1265 2409 1430 2504 gerendum

261 2510 371 2581 bellum
388 2531 455 2581 oum
468 2509 532 2580 dira
548 2516 645 2603 gente.
672 2509 794 2580 Faciunt
811 2506 889 2579 baud
920 2508 1003 2579 aliter
1020 2531 1054 2579 ae
1071 2518 1148 2580 suot
1162 2509 1250 2601 iussi,
1275 2516 1306 2579 et
1328 2507 1430 2601 dispo·

262 2614 336 2678 nunt
353 2629 406 2701 per
424 2606 544 2678 herbam
557 2627 643 2677 enses
657 2612 747 2677 tectos
760 2611 789 2676 et
807 2605 935 2676 condunt
952 2611 1034 2676 scuta
1046 2605 1172 2677 latentia.
1199 2605 1281 2698 Ergo
1303 2604 1354 2677 ubi
1375 2605 1430 2676 de-

264 2705 355 2799 la'psae
372 2703 479 2776 dedere
498 2704 624 2774 sonitum
638 2724 690 2796 por
709 2724 798 2774 curua
816 2702 924 2788 littora,
937 2702 1070 2774 ldisenus
1088 2701 1138 2774 dat
1154 2703 1272 2796 signum
1284 2724 1357 2774 earo
1370 2724 1430 2774 aere

263 2801 301 2872 ab
320 2800 377 2872 utta
395 2801 522 2895 speculi.
549 2800 629 2872 Socii
647 2797 789 2870 inuadunt
814 2808 842 2870 et
866 2806 979 2871 tentant
1002 2822 1078 2871 noua
1095 2799 1194 2892 prebe
1216 2799 1323 2870 ledere
1351 2799 1431 2871 serm

266 2898 409 2970 obscenas
423 2897 556 2971 uolucres
574 2897 687 2991 pelagi;
707 2896 759 2967 sed
791 2919 886 2990 neque
899 2898 1045 2990 accipiunt
1062 2895 1150 2967 ullam
1162 2898 1222 2966 uim
1240 2896 1347 2990 plumis
1376 2918 1432 2968 nec

263 2996 384 3066 vulnera
396 3002 497 3089 terg03
524 3003 553 3065 et
570 2994 659 3088 lapsae
683 2993 771 3064 celeri
789 2994 860 3086 lugd
878 2994 935 3064 sub
968 2992 1090 3078 sidera,¹
1105 2992 1273 3087 relinquunt
1300 2994 1431 3087 predam

261 3114 407 3164 semesam
425 3100 455 3163 ot
470 3093 594 3186 uestigia
619 3090 702 3162 leda.
729 3091 795 3162 Una
817 3089 933 3160 Celenae
976 3089 1107 3160 consedit
1128 3092 1159 3160 in
1179 3113 1251 3184 mpe
1279 3091 1429 3185 pmeelsd‚

324 3281 357 3344 (r)
388 3281 433 3330 aba
470 3281 526 3332 Veto
535 3277 705 3328 coetuum-El
717 3277 755 3327 Sr.
775 3279 847 3327 nrum
859 3277 965 3327 traduce:
987 3277 1108 3327 nmatmse
1118 3277 1139 3326 el
1150 3276 1251 3327 uelamen
1263 3275 1293 3325 de
1308 3276 1344 3325 los
1354 3274 1428 3340 palos.

263 3343 289 3392 El
310 3343 336 3393 P.
355 3341 460 3392 Pinum:
492 3340 661 3405 lteedjenselus
674 3340 750 3400 velas·
777 3353 833 3404 pero
845 3339 865 3389 el
876 3340 904 3390 P.
922 3339 985 3389 Rueo
997 3340 1118 3405 interprete
1140 3352 1192 3402 mnu
1203 3338 1269 3390 bien:
1291 3337 1341 3387 reta
1362 3338 1432 3387 detu-

264 3409 374 3456 mescunt.
396 3404 440 3454 bus
451 3402 513 3454 relus
541 3417 597 3452 caen
609 3415 694 3466 perque
706 3415 734 3466 pa
754 3401 773 3452 ul
784 3401 860 3451 alento
877 3415 908 3450 uo
921 3401 954 3451 las
966 3401 1048 3451 bineba
1062 3401 1205 3460 demasiado,
1227 3413 1284 3464 pnes
1308 3399 1392 3462 pedum
1402 3411 1429 3448 se

263 3467 292 3517 ba
303 3466 331 3516 de
343 3479 406 3516 moer
417 3479 460 3531 que
471 3465 506 3515 las
515 3465 617 3515 tuuiosen
628 3463 731 3514 tondldas
738 3463 834 3514 durante
846 3464 868 3513 ta
878 3464 1012 3513 tormenta?
1031 3463 1090 3528 p-sin
1101 3463 1208 3525 embamu
1220 3466 1269 3513 esta
1280 3475 1307 3510 es
1318 3475 1363 3512 una
1372 3473 1432 3510 eou-

262 3527 510 3580 seeueneiadireotasi
530 3528 619 3576 mudum
632 3526 735 3590 significa
746 3540 790 3589 que
807 3539 951 3589 seret-egen.
1249 3559 1263 3589 ,

317 3613 369 3724 gi„
385 3611 432 3660 mo
463 3610 522 3661 latos
539 3607 890 3680 Eutro'fuduw-Suenafltunto
911 3620 977 3659 como
989 3608 1051 3680 deeir
1062 3610 1098 3659 toa
1117 3607 1175 3680 istus
1195 3608 1224 3657 de
1236 3607 1261 3657 lo
1272 3607 1362 3680 ouglte,
1374 3619 1432 3671 por-

284 3687 305 3724 m
368 3673 389 3723 ts
440 3673 505 3723 Zetes
517 3671 656 3734 eueargados
673 3670 701 3720 de
718 3683 835 3736 perseguu
853 3671 912 3721 llas
931 3672 1027 3736 llarpms
1049 3685 1075 3721 se
1092 3671 1207 3721 uoluemn
1228 3669 1256 3719 de
1276 3669 1312 3720 alu
1330 3668 1431 3720 eesaudo

261 3687 291 3784 ib
303 3687 453 3787 molestarias.

304 3821 389 3932 ltupp⁸
407 3819 454 3930 ξιξ
484 3818 714 3932 plorppirp÷llneo
736 3831 774 3868 era
790 3832 830 3930 relp
840 3818 869 3890 de
879 3817 983 3930 Traciady
994 3817 1092 3930 ppsmepid
1105 3817 1189 3890 ebertus
1208 3814 1432 3926 triplepueprpopielpp

199 3967 201 3972 -
261 3893 1010 4016 attumabant.“tattuttattttntttltnt
1023 3891 1431 4014 einfldwdnbenny

262 4005 390 4058 othetto
401 4005 415 4056 d
427 4009 546 4056 tomaenta.
558 4005 734 4069 bosblrtdlogos
746 4009 884 4070 mterpmtan
900 4017 1008 4069 uueeran
1021 4003 1055 4054 las
1098 4017 1124 4054 aa
1142 4015 1235 4053 mrsmas
1255 4001 1284 4050 de
1297 4001 1376 4058 lineo,
1389 4013 1432 4049 se-

278 4082 309 4119 un
327 4067 436 4129 Patalam,
450 4066 463 4118 d
477 4067 510 4118 las
523 4067 609 4128 Furias,
623 4081 694 4131 segon
709 4067 799 4128 Seruio,
824 4066 881 4116 dun
901 4065 1016 4129 enjambre
1037 4065 1066 4137 de
1111 4069 1214 4129 nuestus,
1236 4076 1308 4125 segon
1328 4063 1382 4133 ltu..
1396 4061 1430 4112 Le

260 4135 333 4191 burc,
351 4131 435 4182 dunos
447 4131 568 4190 cursarius,
582 4143 653 4192 segon
679 4130 768 4180 Banier.
802 4129 857 4179 Esta
877 4128 954 4179 u'dtima
969 4127 1100 4192 suposmion
1113 4140 1194 4191 pareee
1210 4126 1232 4174 la
1251 4138 1301 4175 mas
1312 4123 1432 4188 plausible,

323 4213 370 4278 (rau)
401 4213 447 4264 222
468 4213 587 4264 luminum
610 4213 754 4274 terrm-Es
771 4213 932 4278 donaturque
953 4226 982 4262 en
1004 4213 1088 4277 tiempo
1107 4211 1135 4261 de
1158 4211 1232 4260 meas
1257 4208 1277 4259 el
1300 4209 1367 4259 tiemo
1391 4221 1432 4258 era

261 4289 312 4338 nmy
324 4291 404 4327 oscaso
417 4291 429 4339 p
442 4276 522 4326 muebo
532 4289 581 4326 mas
594 4289 646 4325 raro
663 4290 706 4340 rum
719 4275 739 4326 el
751 4275 845 4333 broune,
859 4290 914 4338 pero
927 4273 1019 4337 Virgilio
1031 4288 1062 4324 no
1072 4288 1096 4324 se
1113 4287 1168 4337 para
1180 4287 1208 4323 en
1220 4276 1281 4323 estas
1302 4269 1433 4322 munuum-⁴
