3175 4934
749 348 944 421 ..34-

265 505 373 575 lumine
386 511 478 588 torro,
496 503 623 573 serentes
641 501 710 572 oaelo
728 501 785 572 alta
806 502 911 595 capita,
925 499 1077 585 concilium
1094 497 1284 584 horrendum,
1319 502 1434 596 quales

265 619 390 694 quercus
408 601 493 671 aeria
511 608 562 671 aut
578 600 719 694 cyparissi
737 599 882 684 conitere,
911 619 1002 692 quum
1038 598 1229 692 constiterunt
1246 597 1325 669 celso
1354 622 1432 671 rer-

267 699 333 784 tice,
353 698 409 769 alta
428 697 501 768 silva
518 697 596 768 lovis
608 696 656 767 vel
667 696 749 768 lucus
768 696 879 767 llianae.
1073 772 1076 778 ,

314 797 390 866 beer
407 801 502 866 metus
522 796 582 886 agit
604 817 658 864 nos
676 795 839 888 praecipites
856 799 993 864 excutere
1016 791 1155 864 rudentes
1185 794 1369 888 qudcumque
1398 804 1433 866 et

266 892 416 963 intendere
433 892 500 963 vela
516 893 611 962 ventis
624 890 778 977 secundis3
803 891 915 976 contri,
931 891 1016 982 jussa
1028 889 1133 961 Heleni
1146 899 1265 961 monent
1288 893 1318 961 ni
1330 891 1433 987 (unt)

267 997 383 1060 teneant
412 1009 516 1060 cursus
535 990 609 1060 inter
622 987 749 1082 Scyllam
761 995 849 1082 atque
867 986 1056 1081 Charybdim,
1068 993 1222 1080 orbamque
1234 989 1314 1058 riam
1332 1011 1432 1082 parvo

266 1087 433 1158 discrimine
456 1083 540 1172 lethi,
571 1095 617 1157 est
640 1092 751 1158 certum
769 1085 841 1156 dare
866 1084 954 1157 lintea
971 1086 1060 1156 retrd.
1099 1083 1176 1155 Ecce
1194 1092 1291 1156 autem
1308 1085 1433 1158 boreas

264 1183 348 1256 adest
371 1187 480 1256 missus
498 1183 535 1256 ab
554 1185 677 1278 angustat
702 1181 773 1254 sede
791 1181 898 1254 Pelori.
936 1179 1138 1253 Praetervehor
1163 1185 1242 1253 ostia
1272 1183 1435 1277 Pantagiae

265 1284 332 1352 rivo
350 1304 433 1368 saxo,
448 1288 477 1354 et
494 1283 576 1352 sinus
594 1281 734 1374 Megaros
751 1286 781 1350 et
798 1278 950 1374 Thapsum
959 1280 1116 1372 jacentem.
1135 1277 1348 1353 Achemenides
1370 1305 1434 1352 oo-

264 1401 328 1450 mes
346 1379 467 1450 infelicis
485 1379 603 1472 Ulyssei
621 1376 755 1472 relegens
774 1377 943 1448 monstrabo
959 1377 1028 1447 talia
1045 1383 1141 1447 errata
1153 1386 1322 1449 retrorsum.

312 1477 410 1548 lnsula
431 1479 510 1570 jacet
526 1481 666 1569 praetenta
684 1477 749 1546 sinu
770 1474 889 1547 Sicanio
901 1474 1002 1545 cambd
1030 1471 1176 1544 undosum
1196 1474 1431 1572 Plemmyrium

262 1573 380 1645 Priores
399 1575 498 1645 dixere
516 1594 621 1643 nomen
641 1571 802 1666 Ortygiam.
829 1571 884 1642 Est
906 1571 983 1642 lama
1002 1569 1158 1664 Alpheum,
1178 1593 1293 1644 amnem
1314 1573 1429 1662 Elidis,

263 1673 360 1764 egisse
379 1674 441 1742 rias
460 1669 518 1742 bric
535 1669 635 1740 subter
651 1691 744 1755 mare,
776 1671 827 1763 qui
844 1691 932 1754 nnnc,
950 1667 1106 1754 Arethusa,
1133 1668 1318 1741 contunditur
1334 1670 1431 1743 undis

264 1767 371 1840 Siculis
388 1778 440 1841 tuo
457 1791 517 1839 ore.
555 1767 636 1838 tussi
654 1788 827 1837 veneramur
845 1787 952 1858 magna
970 1765 1096 1836 Numina
1114 1764 1180 1852 loci,
1200 1774 1229 1837 et
1246 1767 1314 1838 inde
1332 1790 1430 1839 exsu-

198 1903 206 1934 t
263 1887 334 1958 pere
364 1869 526 1960 propingue
545 1864 641 1936 solum
659 1865 822 1955 stagnantis
840 1862 955 1948 Helori3
981 1862 1049 1933 hinc
1067 1861 1197 1934 radimus
1216 1864 1289 1935 altas
1319 1872 1427 1937 canes

262 1971 291 2033 et
308 1971 444 2056 proyecta
462 1984 532 2033 saxa
558 1960 698 2055 Pachyni,
718 1967 747 2030 et
759 1960 861 2053 procul
880 1969 1000 2054 apparet
1023 1960 1180 2031 Cacumina
1197 1983 1336 2034 concessa
1353 1961 1428 2034 latis

260 2083 409 2154 nunquam
427 2061 548 2145 moveri,
563 2065 592 2130 et
610 2061 705 2152 campi
730 2057 824 2144 Geloi,
850 2064 880 2128 et
896 2059 1032 2153 immanis
1050 2056 1133 2144 Gela,
1153 2057 1228 2129 dicta
1247 2061 1426 2152 cognomine

186 2237 189 2246 y
260 2157 350 2228 duvii
378 2156 449 2230 lnde
460 2163 586 2229 ostentat
601 2155 688 2248 longe
706 2157 833 2226 marinna
851 2157 954 2226 menia
972 2151 1081 2226 arduus
1105 2154 1247 2249 Acragas,
1265 2168 1427 2250 generator

262 2254 408 2348 quondam
426 2256 645 2347 magnanimum
662 2275 821 2348 equorum,
846 2258 886 2337 et,
904 2251 981 2323 datis
993 2254 1099 2332 rents,
1111 2251 1211 2346 linquo
1235 2261 1275 2339 te,
1289 2253 1425 2348 palmosa

262 2349 390 2438 Selinus,
410 2359 439 2424 et
456 2352 522 2444 lego
541 2350 616 2422 vada
628 2350 757 2444 Lilybeia
776 2349 850 2426 dura
862 2351 947 2420 caeeis
965 2352 1054 2420 saxis.
1082 2349 1157 2420 Hinc
1169 2352 1273 2444 accipit
1289 2373 1337 2421 me
1355 2374 1425 2445 por·

261 2456 309 2520 tus
328 2457 356 2520 et
374 2471 425 2520 ora
461 2447 612 2521 illaetabibs
639 2447 776 2541 Drepani.
814 2444 883 2533 Hic,
902 2453 984 2517 actus
1001 2454 1043 2517 tot
1073 2449 1293 2540 tempestatibus
1311 2449 1422 2542 pelagi,

262 2545 334 2616 hen!
362 2549 460 2617 amitto
479 2547 640 2638 genitorem
653 2543 811 2630 Anchisen,
830 2545 962 2614 levamen
980 2545 1075 2614 omnis
1093 2567 1171 2616 onrae
1184 2554 1213 2616 et
1229 2549 1325 2617 casds.
1352 2547 1420 2633 llic,

261 2654 343 2736 pater
360 2646 478 2736 optime,
498 2642 610 2714 deseris
628 2663 675 2713 me
687 2641 809 2727 sessum,
828 2640 900 2712 beu!
927 2649 1026 2734 erepte
1050 2639 1248 2737 nequidquam
1264 2645 1353 2714 tantis
1365 2667 1422 2736 pe-

259 2741 352 2811 riclis!
386 2741 447 2812 Nec
464 2749 546 2812 vates
566 2741 707 2825 Helenus,
727 2760 817 2834 quum
835 2747 967 2831 moneret
996 2739 1087 2810 multa
1117 2737 1263 2811 horrenda
1285 2740 1420 2834 predixit

264 2835 335 2908 mihi
353 2836 409 2909 bos
426 2839 531 2923 luctus,
550 2860 608 2909 non
627 2837 690 2908 dira
716 2836 843 2908 Gelaeno.
870 2837 925 2906 llic
937 2836 992 2908 luit
1008 2843 1155 2907 extremus
1179 2835 1272 2922 labor,
1290 2834 1354 2909 hee
1366 2838 1423 2909 fuit

259 2943 337 3005 meta
349 2934 501 3028 longarmn
518 2936 641 3006 riarum.
668 2935 748 3004 Deus
766 2932 877 3026 appulit
892 2936 999 3005 restris
1016 2935 1136 3004 crisme
1154 2930 1320 3028 digressum
1337 2934 1415 3006 binc.

310 3029 361 3103 Sic
379 3040 461 3126 pater
477 3031 602 3118 AEneas,
629 3053 715 3116 unus,
735 3031 854 3102 intentis
870 3029 1014 3116 omnibus,
1034 3031 1205 3103 renarrabat
1221 3033 1281 3105 lata
1298 3033 1418 3118 Divdm,

264 3136 294 3200 et
311 3129 434 3202 docebat
457 3151 570 3204 cursus.
596 3128 728 3201 Tandem
746 3129 892 3214 conticuit,
909 3134 941 3199 et
956 3127 1031 3199 lacto
1049 3127 1107 3199 fine
1124 3127 1183 3214 bic,
1201 3132 1321 3224 quierit,

290 4187 359 4256 [m]
394 4189 444 4263 lm.
456 4190 491 4244 m
505 4195 602 4242 tutemet
617 4193 783 4245 cursuros-Ni
795 4207 820 4244 es
841 4196 953 4246 arrdsmo
965 4210 1008 4260 por
1027 4196 1101 4247 nond
1116 4211 1155 4258 ae,
1168 4211 1181 4261 y
1193 4211 1218 4248 se
1229 4211 1271 4248 usa
1281 4199 1339 4250 onel
1351 4212 1416 4250 com-

261 4257 340 4315 puesto
356 4252 460 4326 pereyo?
478 4266 520 4318 por
530 4268 573 4326 que
584 4253 754 4326 not-dumdo
765 4257 793 4306 at
813 4271 839 4308 es
850 4259 996 4309 contraoeion
1014 4258 1043 4308 de
1054 4260 1103 4308 atat
1112 4271 1143 4309 no
1152 4259 1196 4323 tay
1215 4260 1334 4322 tommano,
1347 4274 1415 4313 mmo

260 4313 319 4374 euel
328 4327 411 4379 prrmer
418 4311 489 4366 bbm:
508 4315 601 4380 Quippe
609 4317 636 4366 ot
644 4316 729 4379 factat,
737 4319 818 4368 moria
826 4334 855 4370 ae
866 4324 945 4370 terras
956 4320 1037 4383 rapidi
1047 4321 1129 4383 serum
1138 4334 1227 4372 seeum.
