3175 4934
684 319 688 336 ‘
773 306 967 382 -tc-

291 461 389 536 tntct'rx
410 471 502 550 untes,
522 469 551 533 ct
569 463 676 555 rumpit
707 471 824 556 pectore
848 461 923 533 benc
946 483 1062 533 uocem:
1100 457 1390 551 «Laomedontem,
1415 483 1458 541 tre

289 564 398 658 parntis
419 561 523 632 interro
541 560 670 630 bollum?
683 559 790 630 bobum
804 562 891 631 etiam
911 561 964 653 pro
982 559 1061 630 cede
1079 558 1167 629 bonor
1185 567 1215 630 ct
1229 562 1363 652 juvencis
1376 569 1458 634 strn-
1582 578 1583 583 ’

291 661 348 731 tis‘?
372 667 402 731 ct
419 659 526 754 pellere
551 659 681 728 insontes
707 657 851 750 Hnrppins
869 679 962 750 regno
980 657 1095 752 potrio‘?
1116 657 1245 751 Accipite
1269 680 1341 751 ongo
1366 665 1459 754 etque

290 759 370 850 figito
388 758 493 827 animis
511 753 573 826 heo
585 777 650 825 meo
663 752 749 825 dicto.
782 755 855 840 Ques
867 753 956 825 Peter
972 755 1156 848 omnipotens
1173 753 1306 847 predixit
1330 752 1456 843 Pbebo,

147 885 158 924 r
288 863 317 924 et
335 853 464 924 Pbrnbus
489 852 591 946 Apollo
609 850 691 938 mihi,
717 873 773 944 ego
791 853 918 922 maxime
935 853 1090 922 Furiarum
1109 851 1205 945 pondo
1228 853 1324 924 nobis.
1350 853 1457 925 Petitis

289 947 400 1022 ltnticr'n
419 973 518 1035 curren,
538 955 567 1020 et
583 949 694 1020 vocatis
706 950 801 1018 ventis
818 949 898 1019 ibitis
915 948 1028 1019 ltaliam
1046 956 1076 1020 ct
1094 949 1191 1019 licebit
1207 950 1316 1020 intrare
1333 959 1454 1043 portus;

289 1047 342 1120 sed
357 1069 413 1118 non
430 1048 553 1140 cingetis
565 1045 708 1117 menibus
727 1045 830 1116 urbem
848 1045 956 1131 deum,
975 1053 1042 1116 ante
1060 1047 1148 1140 qndm
1161 1043 1226 1118 dire
1248 1047 1341 1118 temes
1358 1054 1388 1119 et
1405 1050 1456 1118 in-

285 1147 365 1237 jun'o
383 1144 470 1215 cedis
493 1151 599 1214 nostroe
624 1143 741 1236 subigat
758 1165 813 1213 nos
832 1141 986 1230 absumere
1004 1143 1090 1214 metis
1119 1165 1239 1214 mensas
1273 1144 1448 1216 ambesas.»

290 1244 379 1325 unt,
400 1249 428 1312 et
453 1241 548 1312 oblate
565 1242 669 1334 pennis
687 1239 797 1332 refugit
814 1241 843 1308 in
862 1239 977 1310 silvam.

227 1371 231 1381 Δ
336 1341 375 1408 nt
393 1340 513 1432 sorrgnis
538 1337 658 1430 diriguit
675 1338 762 1408 sociis
786 1336 902 1430 gelidus
919 1335 1015 1408 subita
1032 1335 1203 1422 sonnidine3
1228 1341 1317 1409 animi
1335 1339 1452 1411 cecide-

288 1459 332 1522 re,
351 1459 404 1507 ncc
418 1437 481 1528 jorn
500 1434 624 1528 omptids
639 1433 743 1528 jubent
755 1455 914 1527 exposcere
932 1455 1033 1527 pacem
1058 1437 1151 1506 ermis
1166 1433 1219 1506 sod
1236 1438 1314 1507 notis
1335 1443 1452 1530 etpre-

219 1531 225 1550 '
287 1534 382 1619 cibus,
413 1535 476 1602 sire
499 1534 559 1602 sint
576 1531 639 1602 dee
657 1551 710 1602 scu
727 1529 862 1602 volucres
879 1529 950 1602 dire
968 1539 998 1602 et
1014 1530 1158 1603 obscene.
1184 1532 1224 1603 Et
1240 1540 1324 1628 pater
1341 1530 1451 1605 bncbi·
1582 1558 1583 1565 ¹

288 1654 349 1714 ses,
368 1630 472 1724 palmis
490 1629 586 1722 possis
604 1626 641 1698 de
659 1627 765 1713 littore,
783 1636 870 1700 vocat
885 1651 993 1722 magne
1017 1631 1138 1700 numine
1154 1637 1185 1702 et
1201 1629 1303 1702 indicit
1330 1633 1451 1703 meritos

288 1726 425 1799 honores.
458 1727 532 1812 mn,
557 1724 708 1820 prohibete
725 1726 837 1797 minus!
864 1727 913 1811 bt,
932 1728 1053 1797 avertite
1065 1726 1153 1797 telem
1169 1729 1288 1799 cesum!
1312 1735 1343 1799 et
1359 1729 1451 1822 pirci-

285 1825 316 1896 di
335 1833 449 1896 seruate
467 1825 542 1916 pios.
555 1854 567 1889 ι
578 1861 627 1875 -
639 1823 716 1892 Tum
730 1823 816 1916 Jubet
832 1822 965 1917 deripere
983 1824 1082 1894 sunem
1106 1824 1202 1895 littore
1219 1832 1250 1895 et
1280 1823 1379 1897 tenore
1397 1846 1450 1897 ru-

288 1921 390 1993 dentes
408 1941 558 1992 cxcussos.
584 1920 653 1991 Noti
670 1919 791 1990 tendunt
808 1919 889 2006 relu;
914 1919 1044 2015 degimus
1062 1921 1266 2016 spumantibus
1278 1921 1366 1994 undis
1389 1923 1450 2018 qud

287 2027 393 2091 ventus
412 2025 442 2090 et
457 2017 636 2112 gubernator
652 2015 797 2088 nocebunt
812 2039 941 2088 cursum.

334 2117 401 2188 tum
427 2121 548 2209 apparet
565 2113 663 2186 medio
689 2113 780 2185 ductu
796 2112 962 2208 Zacynthos
978 2132 1145 2201 nemoroso,
1176 2114 1402 2204 etbubcbium
1419 2125 1452 2190 et

288 2213 389 2300 Some,
420 2219 450 2285 et
473 2211 590 2284 Neritos
608 2210 699 2283 ardue
723 2211 813 2311 sends.
841 2210 1008 2306 Effugimus
1043 2211 1179 2306 scopulos
1209 2211 1327 2302 Ithace,
1356 2233 1451 2309 regna

287 2312 416 2398 Laertie,
436 2316 465 2381 et
476 2331 647 2381 execramur
660 2315 768 2379 terram
786 2308 916 2379 nitricem
934 2309 1005 2380 seri
1022 2305 1157 2404 Ulyssem
1175 2315 1284 2382 etmox
1296 2314 1451 2407 oportun.⁴

287 2418 343 2481 ton
359 2407 494 2478 nimbose
511 2407 662 2478 cacumine
679 2406 786 2477 montis
805 2401 940 2477 Leucates
952 2411 982 2477 et
993 2403 1096 2499 Apollo
1114 2407 1179 2503 (nn)
1196 2406 1368 2482 formidabis
1379 2432 1451 2482 nrm⁴

285 2507 335 2578 tis.
362 2504 448 2576 Fessi
477 2503 605 2598 petimus
621 2501 741 2574 buncet
763 2501 948 2573 succedimus
965 2524 1065 2596 parre
1088 2504 1174 2591 urbi;
1198 2503 1328 2578 anchora
1341 2508 1451 2600 jacibrr

285 2603 325 2675 de
342 2604 440 2697 prore,
459 2623 573 2696 puppes
602 2606 682 2672 sent
709 2599 815 2671 littore.
840 2599 921 2693 Ergo
933 2622 1036 2672 sumrrs
1053 2602 1137 2696 potiti
1146 2601 1265 2674 tondem
1276 2603 1450 2676 teducius

285 2702 397 2795 perctd,
412 2706 441 2771 ct
458 2699 616 2770 lustramur
632 2697 698 2768 tori
724 2704 754 2768 et
769 2696 953 2769 incendimus
970 2718 1038 2770 ares
1053 2701 1141 2786 notis,
1160 2706 1191 2770 et
1201 2699 1382 2772 celebremus
1395 2701 1447 2773 nt-

287 2806 353 2870 torn
370 2797 453 2868 botin
483 2793 674 2866 ludisllien's.
689 2789 769 2866 Socii
800 2794 901 2865 nudati
919 2795 1034 2866 tabente
1051 2793 1116 2867 oleo
1146 2803 1283 2868 exercent
1298 2797 1450 2891 pedestres

287 2896 414 2989 patrins;
428 2895 512 2985 juvet
531 2893 662 2964 evasisse
680 2897 723 2962 tot
734 2889 823 2963 urbes
840 2891 993 2984 Argolicas
1011 2899 1042 2963 et
1052 2894 1183 2964 tenuisse
1195 2893 1295 2988 bugam
1313 2917 1367 2989 per
1383 2917 1449 2967 me·

286 2993 352 3064 dios
370 2987 481 3064 hostes.
513 2989 628 3060 Interea
640 2989 685 3060 sot
702 2989 938 3061 circumvolvitur
955 3009 1096 3082 magnum
1124 3009 1244 3112 purum,
1264 2997 1296 3062 et
1317 2993 1450 3086 gbciotis

285 3089 389 3185 bpems
414 3093 531 3182 asperet
547 3082 643 3157 nndes
666 3085 871 3180 dquitordbns-
895 3087 969 3179 Figo
995 3086 1130 3180 postibus
1158 3085 1293 3159 adversis
1315 3090 1449 3185 etppenm

281 3209 357 3260 cauo
369 3207 443 3272 ere,
457 3191 608 3278 gestamen
620 3185 720 3277 magni
737 3182 860 3254 Abantis
875 3187 906 3254 et
917 3185 1002 3277 signo
1013 3204 1077 3255 rem
1090 3184 1235 3256 carmine:
1248 3184 1347 3268 Encas
1365 3187 1449 3282 etcp

287 3308 342 3356 sur
369 3282 406 3354 de
424 3283 535 3354 Densis
552 3281 711 3354 victoribus
729 3280 848 3354 dcccco
882 3278 943 3351 heo
969 3302 1060 3352 ormo.
1086 3281 1163 3377 (nn.)
1184 3282 1262 3354 Tum
1283 3281 1374 3377 jubeo
1390 3282 1449 3356 bn·

284 3401 377 3478 quere
396 3387 498 3475 portus
522 3387 551 3450 et
568 3379 721 3450 considere
751 3379 903 3464 transtris3
928 3375 1009 3449 Socii
1039 3378 1146 3450 feriunt
1169 3399 1252 3452 rome
1268 3382 1400 3454 certetint
1417 3387 1449 3453 ct

284 3524 490 3545 w

282 3571 410 3684 notpppms
422 3631 495 3695 upon
507 3629 702 3696 quedeontredo
709 3629 743 3680 les
750 3642 790 3680 ers
800 3627 923 3679 tueornbtu.

314 3716 360 3780 (rr)
394 3715 439 3766 288
462 3715 554 3768 AEnecs
571 3715 623 3766 trec
633 3715 663 3765 de
674 3713 869 3765 Danum-Ferte
880 3727 906 3763 es
918 3713 940 3763 et
956 3712 1045 3764 sentido
1057 3711 1086 3764 de
1104 3712 1284 3779 teinscnipctnn.
1302 3713 1377 3765 Encas
1389 3723 1448 3765 eon-

283 3779 350 3843 stgnn
360 3778 381 3829 et
391 3777 462 3827 nocto
475 3775 503 3827 dc
514 3776 610 3827 mberse
620 3776 713 3828 salsedo
729 3789 744 3840 p
754 3775 816 3826 neda
825 3787 885 3826 mas.
909 3774 970 3826 toro
992 3788 1018 3826 eo
1027 3789 1060 3826 un
1073 3775 1126 3839 gere
1136 3779 1273 3840 conpedes
1297 3777 1325 3828 de
1337 3775 1411 3827 nuces
1431 3791 1447 3840 p

282 3856 327 3908 que
349 3841 421 3904 deum
435 3853 464 3890 en
484 3839 599 3904 etprimcr
612 3839 679 3891 libro.
704 3838 813 3890 Tredncir
823 3849 891 3888 corno
903 3851 929 3889 se
940 3837 998 3888 bace
1015 3837 1175 3901 urbm,
1187 3837 1291 3889 dictendb
1310 3849 1354 3902 qus
1365 3837 1449 3888 Eum

282 3901 387 3953 moed
413 3907 477 3952 estus
489 3913 570 3951 omer
586 3901 755 3968 dtosprtepor
774 3900 926 3961 scomma,
948 3913 974 3950 ee
993 3911 1146 3952 marm
1160 3898 1448 3963 tdundcdayeom-

283 3967 318 4018 rie
329 3965 351 4016 rt
361 3963 462 4015 cnrtcter
478 3961 507 4014 de
517 3963 601 4036 boens
615 3964 684 4029 qubus
701 3961 824 4033 dedo-ceso
837 3962 867 4012 de
884 3975 927 4034 prro
938 3962 1117 4027 consorrtrru
1128 3962 1213 4033 errudo
1224 3961 1253 4012 de
1272 3961 1308 4011 too
1407 3970 1436 4012 os

281 4041 339 4079 cose
355 4040 398 4092 quc
409 4039 439 4076 en
459 4024 551 4076 sinodo
565 4027 664 4078 uenede
674 4024 784 4089 gtonosc,
804 4037 835 4075 no
847 4037 908 4075 scra
923 4028 963 4075 tan
979 4023 1320 4090 tamumpuopuerttpua
1422 3999 1448 4075 nd

283 4069 408 4142 Diem-td
419 4087 504 4162 utpote,
515 4102 545 4151 po
565 4089 693 4201 teatppptns
710 4087 814 4160 precetur¹
824 4097 926 4159 porppre,
938 4092 1036 4151 mette
1105 4098 1137 4138 m
1147 4086 1217 4158 papa,
1229 4087 1259 4136 tre
1270 4081 1448 4157 permansum
1582 4052 1584 4121 ἶ

284 4153 396 4214 embnrpo
453 4153 586 4200 atrones
663 4148 1072 4214 peanuecmtonotcdusode
1131 4147 1444 4217 mteotqcprecoeope

396 3569 443 3618 275
464 3565 864 3632 Apotoformtdutrcc:-Snbnde
885 3565 1237 3619 entnderetsitiodondeestt
1252 3568 1378 3634 etternpte,
1391 3578 1448 3634 poro
1582 3538 1583 3541 Ἰ

282 4213 451 4287 suspector
465 4225 491 4262 se
505 4211 653 4264 tteooronno
667 4211 843 4282 sotonueptror
853 4211 1017 4262 emeseno
1037 4208 1446 4274 pmtmmdmtooopotccomr

280 4277 373 4339 prttrru,
384 4277 432 4326 boor
444 4275 562 4338 quemodo
577 4289 593 4336 p
608 4273 729 4338 repetendo
748 4286 783 4322 nro
797 4287 861 4329 com,
875 4272 978 4326 cottero.
1002 4273 1061 4324 Pero
1081 4285 1107 4322 es
1125 4275 1188 4324 uoto
1207 4270 1228 4322 et
1239 4273 1444 4336 monumentoque
