3175 4934
147 2193 148 2196 ’
284 2194 422 2286 conspexi
442 2192 568 2286 primdm

774 289 967 362 ..32-

288 449 387 513 nostro
405 463 527 512 numero
541 461 648 535 prensa
665 441 773 533 magnai
792 461 893 525 manu,
923 448 953 510 et
970 438 1071 510 limina
1089 447 1224 512 nearent
1240 445 1381 534 essperst
1399 465 1455 515 sa·

286 542 352 624 nie3
385 538 443 610 uidi
462 561 552 632 quum
571 537 722 608 manderet
740 536 872 608 membra
901 537 1020 610 duentiu
1045 545 1108 611 utro
1126 537 1252 622 tabo‚.et
1277 539 1382 634 trepidi
1399 563 1455 614 ar-

286 645 333 708 tus
351 647 508 707 tremerent
538 635 593 706 sub
612 633 757 707 dontibus.
778 633 865 705 Haud
883 635 1001 728 impunc
1020 633 1149 728 quidem,
1167 657 1222 706 noc
1235 633 1353 708 Ithacus
1365 637 1457 732 Ulys

286 757 335 805 ses
354 743 517 828 estpassus
535 732 604 804 talia
622 755 675 803 noc
693 741 739 803 est
756 732 863 803 oblitus
888 735 935 804 sui
953 739 1033 802 tanto
1051 731 1233 804 discrimine.
1252 733 1329 805 Nam
1347 735 1453 820 simul,

285 831 418 924 expletus
438 829 560 924 dapibus
579 837 610 900 et
633 830 764 924 sepultus
785 832 862 914 uino,
875 831 973 923 posuit
989 831 1133 900 ceruicem
1150 829 1289 902 iudanam
1312 843 1343 901 et
1360 832 1459 924 jacint

284 931 446 1000 immensus
475 950 525 1021 per
551 934 677 1013 antmm‚
697 938 832 998 eructans
850 927 962 998 saniem
981 949 1015 997 ac
1031 926 1125 998 frusta
1148 929 1305 999 commista
1327 939 1458 1002 cruento

283 1048 366 1096 mero
385 1047 600 1119 personarum,
619 1047 673 1096 nos
704 1025 814 1118 precati
832 1045 938 1116 magna
956 1023 1082 1095 Numina
1113 1031 1143 1096 et
1167 1026 1261 1096 sortiti
1286 1027 1375 1112 vices,
1389 1029 1459 1098 cir-

284 1121 501 1194 cumfundimur
530 1123 587 1192 unal
606 1121 745 1216 undique,
777 1128 807 1192 et
824 1121 1005 1192 terebramus
1029 1129 1118 1193 acuto
1144 1122 1201 1194 telo
1226 1122 1326 1194 lumen
1343 1123 1457 1216 ingens

285 1219 364 1314 quod
382 1211 489 1290 tiebat
512 1219 607 1290 solum
620 1219 675 1290 sub
692 1221 775 1292 torvi
794 1218 899 1302 leonte,
917 1218 1010 1289 instar
1034 1217 1126 1312 clypei
1144 1219 1272 1312 Argolici
1291 1228 1341 1292 aut
1377 1221 1457 1293 lam-

283 1317 368 1411 padis
385 1315 518 1388 Pteme
536 1316 631 1410 tnnc),
645 1323 675 1387 et
692 1315 748 1386 lauti
761 1315 929 1386 ulciscimur
945 1313 1064 1386 tandem
1076 1315 1197 1388 umbras
1209 1319 1365 1388 sociorum.
1385 1317 1455 1392 Sed

282 1414 382 1508 sugite,
398 1414 540 1498 omiseri
558 1411 660 1508 fugite,
680 1421 767 1508 atque
784 1413 910 1504 nrmpite
934 1411 1033 1482 lunem
1053 1412 1089 1483 ab
1115 1413 1219 1486 littore.
1257 1414 1333 1487 Nam
1351 1416 1457 1510 qualis

283 1519 313 1582 ct
330 1520 457 1606 quantus
475 1508 673 1604 Polyphemus
692 1511 722 1580 in
740 1533 813 1580 cauo
832 1515 915 1581 antro
928 1508 1036 1580 claudit
1053 1509 1199 1604 lanigeras
1216 1511 1347 1606 pecudes
1359 1519 1455 1607 atque

284 1615 399 1702 pressat
424 1607 529 1693 ubera,
549 1607 597 1679 alii
616 1615 732 1678 centum
768 1604 879 1678 infandi
906 1605 1048 1702 Cyclopes
1067 1606 1199 1680 habitant
1222 1609 1310 1702 uulgo
1329 1608 1366 1680 ad
1385 1608 1456 1682 lraec

284 1729 373 1777 curua
385 1705 481 1778 littora
500 1716 529 1776 et
541 1711 640 1776 emant
658 1705 723 1777 altis
735 1704 892 1776 montibus.
924 1705 991 1776 lam
1009 1704 1094 1775 tertia
1111 1727 1221 1778 eomua
1239 1706 1316 1776 luna>
1326 1706 1456 1800 implent

280 1825 316 1874 se
341 1803 450 1875 lumine
469 1824 558 1897 quum
587 1800 671 1872 traho
689 1803 779 1872 uitam
805 1803 834 1872 in
853 1801 935 1872 siluis
953 1803 1029 1872 inter
1045 1801 1162 1874 deserta
1179 1798 1271 1874 lustra
1295 1812 1326 1874 et
1342 1803 1454 1877 domos

283 1899 422 1986 terarum,
453 1909 483 1971 et
507 1901 652 1994 prospicio
670 1897 706 1970 ab
722 1921 798 1992 rupe
825 1905 926 1970 uastos
944 1897 1088 1993 Cyclopas
1118 1907 1148 1969 et
1164 1902 1300 1972 tremisco
1319 1903 1454 1974 sonitum

283 1997 390 2092 pedum
409 2021 442 2068 ae
467 2019 579 2068 uocem.
607 1996 694 2070 llami
725 1995 796 2068 dant
813 1995 957 2068 infelicem
980 1997 1100 2081 uictum,
1119 1995 1224 2068 baccas
1255 2005 1285 2069 et
1314 1997 1454 2091 lapidosa

283 2118 382 2182 corna,
409 2103 437 2166 et
461 2093 559 2166 herbae
577 2101 703 2260 ¹Eascunt
731 2115 778 2164 me
809 2093 901 2164 uulsis
930 2092 1089 2166 radicibus.
1127 2093 1310 2168 Collustraus
1335 2097 1452 2184 omnia,

601 2213 655 2262 anc
673 2191 799 2262 classem
816 2191 982 2262 uenientem
994 2189 1031 2261 ad
1050 2190 1155 2262 littora.
1181 2191 1288 2263 Addiai
1299 2214 1348 2263 me
1365 2190 1452 2282 huie,

282 2311 474 2384 quaecumque
492 2289 605 2360 luisset.
632 2287 687 2359 Est
704 2290 775 2359 satis
789 2287 929 2380 effugisse
946 2295 1064 2382 pentem
1077 2287 1249 2374 uelandam3
1274 2311 1329 2360 ros
1347 2291 1453 2384 polius

283 2387 427 2458 absumite
446 2385 521 2458 hane
540 2387 668 2458 animam
685 2405 871 2479 quocumque
887 2383 996 2467 letho.»

329 2485 386 2556 V'u
404 2491 467 2556 erat
484 2484 560 2556 latus
585 2505 631 2568 ea,
650 2504 740 2576 quum
758 2482 893 2554 uidemus
918 2505 1033 2553 summo
1052 2491 1150 2555 monte
1175 2485 1271 2577 ipsum
1296 2491 1452 2578 pastorem

282 2580 493 2676 Polyphemum
517 2582 600 2653 vasti
631 2579 708 2652 mola
738 2587 905 2651 moventem
923 2601 957 2651 se
982 2581 1058 2652 inter
1088 2579 1227 2673 pecudes,
1251 2590 1283 2654 et
1299 2588 1452 2676 petentem

282 2679 464 2765 notalittnra,
478 2685 642 2750 monstmnr
658 2673 848 2762 horrendum,
861 2677 999 2764 informe,
1031 2679 1146 2772 ingens,
1160 2679 1207 2748 eni
1219 2687 1265 2751 est
1276 2677 1451 2772 ademptum

282 2776 390 2847 lumen.
428 2777 546 2846 Trunca
575 2777 661 2869 pinus
682 2775 772 2867 regil'
794 2785 960 2846 manumet
985 2775 1082 2847 sumat
1104 2777 1245 2868 uestigia3
1271 2778 1453 2849 comitamur
1582 2842 1583 2847 ,

281 2895 352 2944 oves
362 2874 516 2966 lanigeram
531 2895 566 2946 ea
579 2871 835 2966 estsulauoluptas
853 2872 1105 2946 etsolamenmali.
1119 2873 1280 2967 Postquam
1288 2874 1382 2966 tetigit
1400 2873 1452 2946 al-
1580 2902 1582 2966 3

282 2977 329 3042 tos
346 2971 462 3055 ductus,
486 2977 516 3040 et
533 2969 612 3040 uenit
629 2967 665 3040 ud
690 2991 820 3063 aequora,
839 2967 906 3040 inde
935 2970 1006 3042 lauit
1023 2967 1146 3044 duidum
1174 2991 1308 3042 cruorem
1325 2969 1452 3044 lumInis
1579 2969 1582 3029 t

281 3067 393 3152 effossi,
417 3065 584 3140 infrendens
613 3065 747 3140 dentibus
771 3068 898 3160 gemitu:
924 3076 955 3137 et
984 3067 1047 3160 jam
1081 3065 1216 3159 graditur
1231 3090 1285 3161 per
1315 3066 1452 3141 medium

278 3188 391 3260 aequor,
409 3164 534 3236 necdum
548 3163 654 3236 ductus
666 3164 750 3236 tinnit
763 3161 854 3235 ardua
872 3162 1096 3234 latera—inde
1107 3184 1163 3234 nos
1180 3164 1285 3258 trepidi
1297 3167 1453 3258 cepimus

279 3263 408 3335 celerare
426 3263 526 3356 lugam
544 3261 655 3356 procul,
688 3267 805 3355 recepto
824 3259 955 3354 supplico
972 3262 1015 3332 sic
1027 3262 1142 3346 meriti,
1161 3268 1192 3332 ot
1211 3263 1291 3333 taciti
1315 3261 1452 3335 incidere

280 3359 390 3446 summ,
409 3367 438 3431 et
450 3361 534 3454 proni
556 3380 701 3430 verrimus
718 3381 837 3454 equora
854 3359 945 3430 remis
964 3358 1152 3430 certantibus.
1182 3357 1292 3445 Sensit,
1311 3366 1343 3429 et
1358 3363 1451 3433 torsit

279 3457 453 3551 vestigiaad
467 3459 593 3528 sonitum
611 3457 708 3538 vocis;
734 3455 847 3539 renim,
871 3453 921 3526 ubi
952 3455 1031 3527 nulla
1056 3454 1282 3549 daturpotestas
1306 3454 1449 3528 affectare

279 3553 423 3642 dextram,
441 3577 497 3626 nec
514 3561 560 3626 est
578 3555 654 3648 potis
672 3575 789 3647 equare
801 3552 908 3624 lluetus
926 3553 1025 3624 Ionios
1062 3552 1223 3646 sequendo,
1241 3553 1315 3626 tollit
1332 3553 1450 3626 elamo-

277 3674 341 3723 rem
372 3654 558 3738 immensum,
585 3673 643 3745 quo
661 3659 768 3743 pontus
798 3657 829 3721 et
859 3672 962 3722 omnes
980 3649 1067 3721 undae
1096 3651 1282 3735 intremuere,
1310 3658 1339 3721 et
1355 3651 1447 3724 tellus

216 3743 219 3750 ’
279 3749 369 3822 tutta
387 3758 432 3821 est
444 3749 580 3822 exuuiae
598 3748 725 3842 penitus,
745 3757 774 3819 et
791 3747 883 3819 AEtna
902 3749 1048 3840 immugiit
1059 3748 1156 3818 cumis
1174 3749 1318 3820 cauernis.
1342 3749 1382 3818 tt
1394 3772 1450 3842 ge

278 3869 334 3918 nus
366 3847 527 3941 Cyclopum
545 3847 671 3917 excitum
702 3847 760 3916 ruit
784 3848 801 3916 o'
820 3845 904 3916 siluis
930 3851 960 3916 et
978 3843 1043 3916 altis
1063 3844 1211 3916 montibus
1224 3844 1260 3918 ad
1280 3852 1393 3939 portus,
1413 3857 1448 3919 et

276 3943 425 4038 complent
449 3945 556 4016 littora.
584 3943 740 4015 Cernimus
771 3942 874 4014 fratres
914 3942 1048 4014 AEtnaeos
1079 3941 1227 4014 adstantes
1244 3941 1448 4036 nequidquam

275 4141 1009 4280 titiutrtaarurrcarnainertias,
1022 4143 1449 4268 tarentasiensem

278 4284 344 4336 parar
355 4269 374 4318 rt
388 4283 426 4332 opu
441 4270 475 4320 det
488 4269 578 4334 Ctrtopc
591 4269 611 4318 at
624 4267 666 4318 sot.
1293 4289 1297 4297 .
