3175 4934
763 349 957 420 ..on-

327 495 441 570 Ιιιιιιιι
459 497 602 570 Anchises
617 499 739 592 jubebat
751 508 851 594 aptare
863 500 988 572 classem
1001 501 1074 570 reiis
1098 499 1196 593 (aaut,
1220 521 1258 569 ne
1283 499 1366 570 steret
1383 523 1446 594 qua

279 619 363 667 mora
381 605 468 668 vento
487 598 599 668 ferenti.
628 597 722 684 Quem
743 600 886 691 interpres
905 597 1009 668 Phoebi
1021 597 1176 691 compellat
1200 595 1290 668 mutto
1315 596 1445 668 honore:

285 691 447 780 «hictosa,
466 693 584 787 dignate
603 694 1030 789 superimponendum,
1057 717 1127 765 eura
1146 695 1252 779 Derim,
1272 702 1371 789 erepte
1396 695 1448 767 bis

280 789 372 862 minis
392 792 574 884 Pergameis,
593 815 662 864 ecce
675 793 726 862 tibi
747 793 832 864 totius
848 795 1003 877 Ausoniam
1030 793 1125 885 arripe
1143 791 1217 862 bane
1236 791 1320 863 velis.
1342 793 1382 862 Et
1397 798 1446 864 ta-

280 911 348 959 men
366 897 412 959 est
429 912 550 960 necesso
576 897 608 960 ut
626 889 829 984 praeterlabhre
859 889 933 961 hanc
951 891 1070 983 petagm
1097 887 1197 983 procul
1227 895 1273 960 est
1301 889 1350 960 iila
1375 913 1448 983 pars

280 988 418 1058 Ausoniae
434 1007 521 1102 apuam
534 987 637 1080 hpoho
651 986 760 1080 pandit.
786 986 880 1073 Vade,
900 987 999 1058 arem
1015 989 1122 1080 pietate
1139 987 1213 1057 nati!
1228 988 1277 1072 ait,
1291 985 1361 1081 quid
1379 1009 1448 1080 pro-

279 1082 372 1154 rebor
389 1083 475 1170 ultra,
495 1084 622 1154 otiando
641 1083 778 1154 demoror
790 1086 915 1156 Austros
932 1084 1128 1177 surgentest»

327 1181 390 1252 Nec
407 1178 503 1252 munis
516 1179 730 1267 Andromache,
748 1190 853 1252 rnoesta
865 1204 1002 1276 supremo
1015 1180 1162 1274 digressu,
1175 1181 1231 1252 sert
1242 1184 1368 1253 hscanio
1380 1205 1447 1254 ves

280 1287 324 1349 tes
344 1280 500 1370 picturatas
518 1278 681 1350 subtemine
718 1280 780 1350 auri
800 1288 828 1349 et
845 1277 1027 1372 eldarnydcm
1045 1277 1203 1371 Phrygiam
1222 1303 1275 1350 nee
1305 1279 1383 1351 cedit
1394 1277 1447 1351 bo

280 1377 355 1460 nori,
375 1383 404 1444 et
417 1383 518 1446 onerat
542 1399 614 1446 earm
632 1375 717 1445 donis
730 1376 888 1461 textilibus,
907 1399 942 1447 ac
965 1376 1043 1446 sauir
1059 1374 1318 1470 taha2-—hccipe
1335 1385 1365 1446 et
1382 1375 1447 1450 baec

280 1495 346 1566 qrrae
359 1474 417 1542 sint
434 1473 484 1542 tibi
504 1481 691 1544 monumenta
704 1495 836 1544 mearum
854 1495 1006 1558 manuum,
1019 1495 1102 1566 puer,
1121 1481 1152 1543 ct
1169 1479 1311 1544 testentur
1323 1474 1447 1566 iongurn

281 1588 411 1640 amorem
441 1567 652 1642 Andromachae
670 1571 804 1664 conjugis
835 1571 994 1642 Hectoreae.
1021 1569 1102 1663 Cape
1127 1579 1257 1642 extrema
1284 1570 1361 1641 dona
1378 1578 1447 1643 tuo-

280 1685 360 1752 rum,
384 1669 402 1736 d
427 1666 489 1737 sola
507 1668 604 1759 imago
626 1669 683 1737 mci
701 1669 885 1761 Astyanactis
902 1675 1052 1761 superstes
1070 1666 1156 1738 mibi!
1183 1667 1234 1738 Sic
1256 1667 1304 1738 iiie
1335 1667 1448 1740 terebat

281 1764 392 1848 oculos,
412 1763 455 1834 sio
473 1787 588 1850 manus,
608 1766 650 1835 sie
683 1787 745 1850 ora,
769 1773 800 1835 et
820 1788 899 1836 nunc
915 1765 1089 1860 pubesceret
1100 1773 1196 1836 ιιιιιιιι
1213 1763 1319 1858 equali
1341 1786 1441 1838 ero.»

281 1859 346 1953 Ego
359 1861 527 1954 digrediens
545 1861 656 1932 aiiabar
673 1860 727 1932 bos
741 1863 876 1956 iacrymis
895 1861 1022 1933 obtortis:
1033 1863 1196 1933 n-Virite
1213 1863 1371 1934 felicesoos
1384 1865 1448 1956 qui-

280 1958 337 2028 bus
352 1960 415 2050 jam
428 1981 482 2029 sua
495 1959 609 2030 fortuna
634 1965 678 2030 est
703 1967 834 2052 peracta3
866 1981 921 2030 nos
937 1981 1077 2030 vocamur
1095 1983 1132 2030 ex
1150 1960 1214 2030 abiis
1239 1962 1269 2030 in
1295 1960 1351 2030 aba
1369 1960 1446 2046 sata;

281 2053 365 2126 vobis
379 2063 424 2126 est
443 2062 524 2149 parta
542 2057 643 2149 quios3
669 2056 780 2126 nullum
799 2079 900 2149 aequor
916 2057 1006 2127 maris
1024 2065 1071 2127 est
1089 2057 1230 2127 arandum
1255 2079 1351 2152 noque
1369 2080 1448 2151 qua»

280 2151 373 2224 reuda
391 2175 461 2224 arva
479 2155 616 2224 Ausonia
634 2175 751 2247 semper
780 2153 913 2224 cedentia
935 2155 1028 2238 retrh3
1054 2153 1159 2225 videtis
1184 2155 1312 2247 effigiem
1336 2155 1448 2226 Xanthi

281 2257 312 2320 et
336 2251 456 2344 Trojam
481 2273 569 2344 quarn
588 2257 693 2322 restra
718 2273 823 2321 manus
841 2251 936 2321 secoro
961 2251 1129 2324 melioribus
1147 2252 1296 2344 auspiciis,
1314 2260 1392 2344 opto,
1418 2261 1449 2323 ct

281 2369 346 2440 qua
364 2341 450 2418 suerit
468 2349 564 2418 nunus
577 2348 662 2419 obuia
680 2348 786 2420 Graiis.
809 2347 842 2418 Si
861 2347 977 2442 quando
990 2350 1099 2418 intrdro
1116 2349 1237 2442 Tybrirn
1249 2357 1280 2419 ot
1292 2372 1361 2419 arva
1374 2350 1448 2419 rici·

281 2467 320 2514 na
337 2445 484 2538 Tybridis,
505 2452 533 2515 et
556 2467 673 2516 ceruam
699 2445 891 2516 moeniadata
909 2468 982 2516 meae
999 2447 1090 2537 genti,
1109 2446 1248 2516 iaciemus
1266 2447 1354 2517 urbes
1376 2469 1449 2539 cog-
1527 2534 1531 2540 g

281 2548 365 2612 natas
378 2542 446 2612 olim
465 2548 494 2612 ot
511 2542 633 2635 populos
646 2545 825 2635 propinquos
839 2541 929 2636 Epiro
942 2543 1125 2636 etllesporih
1152 2544 1240 2636 (uun)
1264 2543 1370 2637 quibus
1401 2553 1449 2614 eat

281 2637 359 2710 idern
378 2647 478 2711 auctor
490 2639 646 2710 Dardanus
659 2648 746 2734 atque
764 2639 842 2710 idem
860 2663 958 2726 casus,
976 2647 1131 2734 utramque
1143 2641 1264 2734 Troiam
1277 2663 1364 2712 unam
1382 2643 1449 2712 ani·

282 2737 348 2807 mis.
376 2737 419 2806 Ea
439 2761 508 2808 cura
527 2747 643 2814 maneat
667 2744 782 2807 nostms
802 2745 957 2830 nepotes.»

293 2911 296 2920 ,
330 2832 525 2904 Provehimur
548 2834 651 2926 pelago
674 2836 757 2927 juxta
787 2837 884 2906 uicina
916 2835 1072 2920 Ceraunia,
1094 2834 1173 2906 unde
1197 2837 1253 2906 iter
1280 2835 1392 2906 ltaliam
1419 2843 1450 2906 et

283 2953 387 3000 cursus
406 2941 451 3001 est
480 2931 670 3004 brevissimus
690 2930 785 3002 undis.
807 2933 927 3013 ,interea
945 2934 990 3003 soi
1018 2935 1077 3003 ruit
1101 2939 1130 3002 ct
1147 2936 1230 3026 opaci
1248 2941 1362 3003 montes
1387 2956 1450 3003 unr-

280 3027 418 3110 brantu1·;
445 3027 610 3100 Sternimur·
628 3031 740 3120 gremio
765 3036 871 3122 optatan
888 3029 999 3100 teliums
1018 3027 1054 3100 ad
1087 3029 1195 3100 undam
1220 3031 1314 3100 sortiti
1337 3053 1447 3116 remos,

283 3133 312 3196 et
337 3127 447 3220 passim
465 3148 603 3196 curamus
628 3148 749 3220 corpora
768 3127 825 3219 (ιιι)
844 3129 872 3196 in
898 3128 976 3197 sicco
999 3125 1105 3212 littore,
1124 3149 1214 3220 sopor
1230 3129 1333 3220 irrigat
1353 3128 1449 3198 sessos

283 3229 373 3294 artus
404 3223 535 3294 Necdum
553 3223 618 3294 Nor
649 3231 712 3294 acta
731 3224 820 3294 Horis
841 3223 957 3294 subibat
992 3223 1093 3294 orbem
1123 3224 1266 3310 medium3
1292 3223 1450 3295 Patinums

283 3317 361 3390 baud
388 3323 487 3413 segnis
506 3322 599 3414 surgit
629 3327 731 3407 strato,
763 3327 792 3390 et
822 3322 1067 3414 exploratomnos
1080 3329 1182 3393 ventos
1201 3329 1231 3392 ot
1260 3329 1356 3414 captat
1380 3344 1451 3394 aera

284 3417 418 3504 auribus,
439 3425 519 3488 notat
536 3425 638 3488 cuneta
658 3418 755 3490 sidera
769 3417 892 3490 labentia
913 3419 999 3488 tacito
1013 3418 1094 3504 calo,
1113 3421 1269 3490 hreturum
1288 3427 1316 3488 ot
1333 3419 1448 3512 pluuias

285 3513 404 3608 Hyadas
430 3523 459 3586 ct
477 3517 610 3609 geminos
642 3517 776 3602 Triones,
804 3517 1031 3609 otcircunspicit
1055 3517 1166 3588 Oriona
1191 3525 1334 3587 armatum
1365 3539 1447 3586 auro.

315 3707 377 3774 [ιιι]
410 3710 456 3760 ti!
479 3711 570 3774 ,dyrture
582 3709 683 3758 edessem
694 3709 906 3774 aetia.·-liipaiage
919 3724 961 3774 por
972 3715 1059 3774 aptare
1068 3711 1120 3760 reta
1146 3711 1225 3760 ctuosi.

315 3790 382 3858 Ιιιιιιι]
414 3793 459 3844 503
482 3797 530 3846 Pro
549 3793 633 3857 irrpuos
647 3793 723 3857 Epiro
747 3799 770 3843 et
793 3793 1040 3858 {nemrim-Quiane
1058 3794 1120 3844 deeir
1131 3808 1174 3860 que
1192 3795 1229 3845 tos
1240 3793 1344 3844 sdbditos
1364 3793 1451 3844 deite-

284 3855 336 3904 ienu
353 3869 381 3904 en
390 3855 411 3904 el
426 3855 494 3920 Epiro
506 3871 519 3920 y
532 3809 567 3906 bs
578 3856 607 3906 de
625 3855 698 3906 Encas
708 3869 736 3905 en
753 3857 772 3906 ta
785 3857 896 3920 Hesperia
906 3869 950 3920 que
962 3869 1090 3908 recrrnoeen
1101 3871 1131 3906 ιιι
1140 3858 1222 3906 mismo
1235 3856 1355 3916 fundador,
1367 3869 1451 3906 comen

284 3916 320 3966 los
329 3917 423 3966 miseros
433 3919 538 3982 patinos,
560 3932 573 3982 y
594 3917 678 3967 tundan
690 3917 746 3968 cada
755 3933 801 3968 uno
812 3933 857 3968 una
876 3919 1040 3982 urreeaTroya,
1053 3931 1079 3969 sc
1089 3919 1135 3968 han
1155 3919 1183 3969 de
1195 3918 1246 3968 urrir
1254 3931 1283 3968 eu
1301 3931 1347 3966 una
1358 3917 1408 3968 sola
1421 3931 1451 3968 en

284 3977 415 4043 lapersoua
434 3980 462 4028 de
474 3935 510 4030 bos
522 3979 702 4040 descendicntos,
724 3993 790 4030 conio
804 3995 829 4030 se
848 3980 950 4040 scriboni,
965 3995 1020 4045 pero
1042 3994 1074 4030 no
1097 3981 1125 4030 de
1147 3980 1206 4030 buen
1218 3979 1289 4044 grado
1308 3979 1359 4028 sino
1373 3995 1414 4044 pur
1425 3980 1449 4030 la

285 4041 412 4106 corryuista.
430 4041 464 4092 No
478 4057 502 4092 so
514 4041 543 4092 ha
558 4041 585 4091 de
598 4041 709 4092 traducir:
730 4041 856 4106 proximos
872 4043 897 4092 ot
910 4042 985 4107 Epiro
1008 4043 1051 4105 μα’
1072 4043 1232 4106 toiimpertm
1246 4055 1332 4106 porrpre
1349 4056 1373 4092 es
1395 4057 1451 4092 caso

286 4101 391 4164 ablativo,
403 4117 457 4167 puos
470 4103 616 4164 aaronitae,
628 4103 711 4154 lielono
723 4117 753 4153 no
764 4103 813 4153 esti
825 4103 926 4168 proximo
936 4105 957 4154 at
969 4103 1047 4169 Epiro,
1059 4104 1109 4154 sino
1121 4103 1202 4154 dentre
1212 4103 1240 4154 de
1252 4119 1291 4153 esu
1303 4102 1361 4168 pais.
1385 4105 1452 4155 Pro·

285 4167 389 4230 pinques
402 4181 427 4215 se
439 4165 518 4216 redere
530 4165 573 4218 aila
584 4166 683 4218 retueion
694 4166 722 4216 do
730 4173 864 4231 parentesco
874 4182 888 4232 y
899 4181 929 4217 no
942 4165 984 4217 ila
997 4165 1109 4216 cereania.

318 4251 359 4368 [up]
394 4257 436 4306 5tt
462 4263 582 4304 turranius
605 4253 849 4318 corporae-eume
869 4270 970 4319 corpore
988 4269 1028 4304 era
1039 4255 1159 4319 espresioa
1170 4253 1240 4304 esada
1252 4269 1281 4304 cn
1301 4255 1325 4305 to
1334 4255 1424 4311 militar.
1440 4271 1452 4320 y

287 4318 343 4382 sign'
354 4333 387 4368 rea
400 4323 460 4368 ostar
481 4319 558 4368 trunco
572 4333 626 4382 yram
637 4317 704 4368 baeer
727 4317 784 4368 cada
796 4332 841 4368 arno
850 4319 872 4368 io
885 4333 928 4382 que
942 4323 1019 4381 geste,
1033 4331 1087 4382 pero
1104 4317 1139 4368 sin
1164 4315 1218 4368 satir
1231 4317 1267 4368 dot
1284 4323 1451 4383 canipamento.
